2228 3712
94 130 138 191 40
321 110 835 192 PROPERTIUS‚1.18,9-32.

177 283 258 357 Quid
278 294 392 344 tantum
413 284 528 345 merui?
556 282 946 386 quaetemihioermina
1038 359 1042 392 a

226 418 231 427 ·
296 384 434 443 mutant?

225 481 275 539 An
295 501 373 542 nova
392 480 520 541 tristitiae
542 496 632 541 causa
651 478 750 558 puella
770 480 865 541 tuae?
991 492 1011 535 1⁰

95 799 214 843 11-10.
230 791 304 841 Nom
313 788 486 840 otherhavel
493 787 577 837 Ioved:
593 785 749 852 andsorall
756 784 802 849 thy
811 784 989 851 crueltmm

173 869 260 921 would
266 869 287 918 I
289 868 348 933 give
355 867 423 932 pain
433 873 458 916 to
467 866 529 916 thee.
640 866 643 871 '

176 1010 225 1071 Sic
245 1008 318 1069 mihi
337 1018 366 1069 te
387 1007 493 1067 reseras
512 1006 593 1079 levis,
613 1014 647 1066 ut
667 1023 730 1066 non
749 1002 845 1077 altera
865 1014 963 1067 nostro

186 1160 190 1167 .
214 1106 331 1166 Limine
352 1103 499 1165 formosos
519 1103 613 1163 intulit
633 1102 691 1163 ulla
711 1100 811 1181 pedes.

175 1206 318 1281 Quamvis
338 1204 431 1263 muita
451 1203 503 1263 tibi
524 1203 609 1263 dolor
629 1201 679 1262 hic
698 1218 783 1262 meus
803 1216 912 1281 aspera
930 1198 1008 1270 debet

215 1302 317 1364 Non
308 1314 349 1363 ita
369 1321 458 1362 saeva
477 1312 577 1361 tamen
597 1299 707 1361 venerit
726 1298 771 1360 ira
790 1316 870 1373 mea,

6 1396 46 1461 Ν
59 1362 147 1445 'iffi‘
173 1402 215 1463 Ut
235 1402 288 1461 tibi
309 1401 365 1460 sim
386 1401 490 1459 merito
511 1418 737 1478 semper-2
647 1398 728 1460 furor
757 1409 788 1459 et
807 1408 861 1460 tua
879 1396 974 1460 flendo
997 1410 1020 1469 15

7 1474 59 1515 ‘⁴⁰³'
214 1499 342 1559 Lumina
362 1498 481 1559 deiectis
501 1497 596 1575 turpia
616 1497 674 1557 sint
694 1496 832 1560 lacrimis.
868 1500 891 1553 b
918 1512 963 1588 ui

93 1822 213 1871 17-22.
229 1817 300 1867 Bcar
309 1816 410 1865 witness
420 1815 452 1880 of
458 1830 500 1878 my
510 1814 570 1876 Iove,
577 1829 611 1877 ye
621 1819 692 1877 trees,
704 1810 762 1863 that
771 1812 819 1864 tell
825 1813 860 1879 of
866 1810 991 1879 Cyntht'a's

171 1911 254 1946 name.

1083 1856 1091 1900 i

170 2038 221 2098 An
240 2038 310 2116 quia
329 2054 420 2114 parva
441 2034 545 2094 damus
566 2042 680 2093 mutato
696 2031 782 2110 signa
802 2030 913 2107 colore,

211 2136 249 2195 Et
269 2155 331 2196 non
352 2135 411 2194 ulla
432 2151 500 2192 meo
521 2132 628 2192 clamat
649 2130 680 2190 in
702 2150 753 2192 ore
774 2131 867 2194 fides?

171 2234 235 2294 Vos
255 2234 331 2293 eritis
352 2243 449 2303 testes,
471 2233 495 2291 si
516 2249 592 2309 quos
612 2231 702 2290 habet
721 2231 811 2291 arbor
831 2249 960 2307 amores,

212 2331 309 2407 Fagus
330 2342 358 2391 et
378 2330 507 2391 Arcadio
526 2330 613 2408 pinus
633 2329 730 2389 amica
750 2329 817 2389 deo.
1001 2344 1030 2389 πο

169 2429 218 2488 Ah
239 2429 374 2507 quotiens
395 2440 509 2489 teneras
530 2438 667 2489 resonant
686 2446 754 2489 mea
773 2428 864 2489 verba
886 2431 944 2491 sub

292 2527 422 2598 umbras,

212 2624 351 2684 Scribitur
371 2635 399 2683 et
420 2625 520 2684 vestris
542 2623 669 2703 Cynthia
690 2624 864 2686 corticibus!

122 2878 150 2925 9,
167 2870 285 2921 carmina
301 2874 356 2922 No
374 2873 429 2923 Per.
489 2876 600 2925 crimina
617 2880 639 2925 2
656 2875 765 2942 Lipsius,
778 2876 866 2929 Hertz.
879 2876 928 2929 Pii
961 2878 1035 2993 ,Βιια

89 2938 206 2989 Mueller.
257 2940 298 2987 12.
317 2938 415 2987 illaN.
469 2944 512 2990 16.
529 2942 660 2990 detectisz
693 2942 790 2993 delectis
803 2940 872 2992 ΠΨ
902 2943 990 2995 da·
1096 2981 1114 3008 „-

88 3011 130 3059 17.
181 3018 230 3051 rva
243 3005 267 3051 0
301 3018 364 3051 rara
381 3005 505 3054 Burmann
539 3006 605 3055 dura
616 3008 676 3057 Bae
741 3008 818 3057 colore
828 3010 885 3059 no
918 3002 1036 3061 calorev'

87 3071 167 3121 La
228 3072 271 3117 19.
288 3067 365 3117 arbor
373 3066 440 3118 ΠΨ
472 3071 592 3119 ardorO.
641 3072 1036 3127 20.am2·ca1m·}1ertute.
1112 3117 1114 3122 ,

88 3142 175 3186 antata
187 3136 240 3183 DV
252 3134 311 3184 Bae.
434 3137 474 3183 21.
491 3136 537 3183 Ha
549 3139 601 3186 Al*
633 3137 678 3187 Ah
689 3138 732 3187 the
742 3145 791 3203 sest
907 3140 1035 3193 mmo

87 3208 183 3251 vestras
205 3199 223 3247 l.
248 3212 276 3245 21
298 3198 348 3246 and
362 3200 489 3248 tenen‘si.
509 3214 537 3247 22
556 3200 684 3266 Schrader,
705 3202 784 3255 Palm.
817 3210 906 3257 tenera
921 3206 970 3259 has
985 3206 1036 3259 Bne·
1096 3220 1111 3269 Γ

88 3270 133 3318 22.
149 3262 240 3315 vestris
251 3265 281 3312 lii
292 3264 348 3312 edd.
381 3266 475 3315 nostris
485 3264 583 3317 ΑΠ’
