2168 3720
228 155 503 224 PROPERTIUS,
526 160 580 210 ΙΙΙ.
604 160 643 228 7.,
668 173 746 210 1-20.
924 159 963 228 71

99 320 149 379 Tu
168 320 245 378 vitiis
265 320 419 379 hominum
440 319 568 379 crudelia
588 319 696 397 pabula
717 320 856 396 praebes:

141 418 259 478 Semina
279 437 415 477 curarum
436 418 473 477 de
494 419 589 494 capite
610 427 673 477 orta
695 427 753 477 tuo.

55 623 135 671 t-1a.
152 619 210 670 'Tis
221 621 281 669 thou
292 621 350 668 haut
360 620 482 669 whelmed
490 621 574 668 Poetns
585 620 614 668 in
623 620 664 668 the
674 619 750 683 deep!
781 621 837 669 Far
846 619 887 686 off
889 619 920 670 he

99 698 151 758 lies,
163 714 190 747 so
195 713 289 762 young,
302 697 384 746 where
394 712 426 746 no
438 698 534 746 notter
542 714 589 746 can
600 697 711 747 tenditis
721 699 841 758 remains,
854 697 918 747 with

100 776 140 825 tlte
150 775 216 825 wide
230 775 439 840 Carpathianfhr
449 791 465 824 a
476 775 558 825 tombl

99 888 148 948 Tu
171 887 292 948 Paetum
312 888 350 946 ad
371 888 491 947 Pharios
513 889 680 948 tendentem
701 888 789 947 lintea
809 897 910 965 portus
949 905 967 964 5

140 987 249 1047 Obruis
269 988 372 1046 insano
392 996 492 1064 terque
514 997 672 1065 quaterque
693 987 776 1046 mari.

101 1085 181 1144 Nam
202 1087 273 1145 dum
295 1096 323 1144 te
344 1086 481 1162 sequitur,
502 1085 598 1161 primo
618 1085 707 1144 miser
728 1085 836 1144 excidit
857 1103 939 1157 aevo,

140 1183 180 1243 Et
200 1202 276 1243 nova
296 1183 464 1260 longinquis
486 1184 613 1260 piscibus
634 1201 702 1242 esca
722 1192 802 1241 natat
812 1203 821 1257 3

102 1280 138 1341 Et
159 1292 252 1341 mater
275 1301 336 1342 non
356 1283 430 1341 iusta
451 1282 516 1359 piae
538 1281 606 1340 dare
628 1281 725 1340 debita
745 1291 846 1352 terrae,

79 1388 88 1411 ·
141 1381 206 1440 Nec
227 1391 297 1458 pote
318 1391 460 1458 cognatos
481 1381 555 1439 inter
574 1380 696 1439 humare
717 1398 815 1457 rogos,
932 1399 969 1439 ro

106 1477 160 1539 Sed
180 1490 232 1538 tua
252 1499 331 1538 nunc
352 1480 482 1539 volucres
503 1488 597 1537 astant
618 1497 705 1555 super
726 1497 794 1537 ossa
814 1478 955 1549 marinae,

142 1577 230 1638 Nunc
245 1579 297 1636 tibi
312 1596 367 1655 pro
381 1578 492 1637 tumulo
506 1574 700 1654 Carpathium
717 1595 806 1636 omne
821 1595 902 1636 mare
917 1588 968 1636 est.

55 1769 141 1824 ta—n.
163 1774 659 1838 nnatsponsnasotnourinengam,
674 1758 869 1839 cruel‘Aquilot
899 1775 920 1823 o

109 1850 225 1915 Neptune,
237 1853 295 1914 why
306 1852 385 1902 wreck
399 1852 440 1900 tlte
455 1852 589 1902 innocent?
626 1853 701 1902 These
711 1858 802 1902 waters
814 1852 920 1901 baveno

111 1929 167 1977 Gods
177 1937 201 1978 to
211 1930 274 1978 ltear
284 1930 344 1984 thee,
355 1930 446 1979 Poetns.

110 2039 207 2101 Infelix
227 2043 345 2118 Aquilo,
366 2051 466 2119 raptae
489 2043 577 2102 timor
597 2041 756 2119 Orithyiae,

145 2141 228 2214 Quae
250 2141 342 2217 spolia
364 2159 400 2199 ex
421 2141 472 2199 illo
493 2150 573 2199 tanta
594 2141 673 2200 fuere
694 2142 766 2214 tibi?

110 2236 161 2297 Aut
182 2239 326 2316 quidnam
347 2239 438 2298 fracta
458 2239 578 2315 gaudee,
601 2238 747 2316 Neptune,
769 2239 888 2299 carina?
933 2256 970 2315 15

145 2336 282 2397 Portabat
303 2347 420 2395 sanctos
442 2336 538 2395 alveus
558 2336 606 2395 ille
627 2339 712 2396 viros

111 2431 199 2507 Paete,
223 2435 295 2512 quid
315 2445 438 2494 aetatem
459 2436 614 2494 numeras?
643 2436 715 2512 quid
736 2455 804 2495 cara
825 2435 936 2495 natanti

146 2532 241 2593 Mater
261 2535 292 2591 in
312 2552 363 2592 ore
381 2535 436 2592 tibi
458 2537 521 2594 est?
550 2552 612 2593 non
633 2534 720 2593 habet
740 2534 821 2594 unda
841 2534 920 2594 deos

55 2724 144 2778 10—24.
160 2732 194 2779 In
205 2730 246 2779 the
256 2730 320 2778 dat-k
330 2737 407 2779 sterne
422 2729 462 2779 the
476 2729 541 2778 cable
550 2729 644 2793 parted
654 2729 709 2778 and
716 2730 776 2779 thou
788 2736 852 2779 wast
862 2729 922 2779 lost:

110 2821 163 2856 tuen
173 2824 199 2857 so
210 2823 262 2856 was
273 2809 319 2856 lost
326 2808 475 2870 Argynnus,
489 2808 549 2857 dear
560 2814 584 2856 to
595 2809 775 2871 Agamemnon.

111 2918 185 2979 Nam
205 2921 257 2979 tibi
279 2920 428 2979 nocturnis
449 2920 487 2978 ad
508 2939 578 2979 saxa
599 2920 688 2997 ligata
708 2921 842 2998 procellis

146 3018 256 3079 Omnia
278 3020 380 3079 detrito
401 3019 516 3078 vincula
537 3018 605 3077 fune
626 3019 743 3078 cadunt.
933 3035 971 3076 20

69 3218 89 3264 5.
108 3224 192 3280 petum
215 3221 270 3267 FN
298 3225 400 3282 paetum
422 3222 483 3277 VD,
506 3218 664 3282 throughout.
764 3222 802 3267 11.
828 3221 914 3265 astant
935 3219 974 3267 Ν.

55 3284 74 3331 Β.
90 3283 134 3332 tibi
144 3286 173 3333 in
182 3300 223 3334 ore
234 3291 269 3333 est
280 3287 308 3333 N
341 3300 392 3333 non
400 3290 475 3348 pavet
485 3285 555 3333 unda
566 3285 619 3334 deos
631 3286 764 3333 Burmann.
