2228 3712
215 167 487 237 PROPERTIUS,
510 174 558 224 1v.
586 178 645 238 11.‚
667 186 782 261 91-102:
911 175 973 242 103

55 364 140 406 -98,
157 357 191 421 If
195 357 225 405 Ιιι
236 357 261 405 be
272 363 370 406 content
380 357 443 406 with
455 372 563 419 memory
573 356 605 421 os
609 372 654 415 mc,
660 356 764 421 seelsor
777 355 818 405 his
828 355 924 420 coming

100 450 162 499 age:
179 435 231 484 add
239 451 281 498 my
286 451 364 497 years
375 441 399 483 to
404 448 500 498 yeurs:
516 432 559 483 ‘tis
566 435 625 484 well
632 435 652 483 I
655 435 723 484 leave
728 449 781 498 you
790 434 828 482 all
834 433 928 482 behind

100 530 147 562 ml.

100 623 160 682 Seu
180 641 294 682 memor
314 623 361 681 ille
383 640 450 680 mea
470 631 624 681 contentus
645 623 786 680 manserit
807 623 920 690 umbra,

141 723 180 779 Et
201 722 272 779 tanti
294 722 406 779 cineres
428 721 543 779 duxerit
565 739 628 779 esse
650 739 743 792 meos

100 821 211 880 Discite
231 832 382 879 venturam
403 821 462 878 iam
482 838 561 878 nunc
583 821 688 879 sentire
710 829 867 891 senectam,

141 919 270 979 Caelibis
291 919 329 977 ad
350 937 434 978 curas
454 938 510 977 nec
531 929 613 977 vacet
635 918 694 976 ulla
714 919 767 976 via.

100 1018 191 1091 Quod
202 1018 272 1076 mihi
284 1017 444 1076 detractum
455 1027 506 1089 est,
517 1026 627 1076 vestros
637 1016 756 1074 accedat
766 1015 803 1074 ad
811 1035 919 1076 annos:
933 1033 971 1093 95

141 1116 226 1175 Prole
247 1135 314 1174 mea
335 1116 470 1174 Paullum
492 1116 533 1175 sic
554 1117 631 1173 iuvet
652 1132 715 1173 esse
737 1133 847 1174 senem.

102 1216 142 1273 Et
159 1217 234 1275 bene
247 1216 352 1295 habet:
376 1233 538 1292 numquam
552 1223 645 1272 mater
659 1213 792 1290 lugubria
807 1215 933 1291 sumpsi:

141 1314 231 1372 Venit
251 1316 281 1372 in
303 1316 441 1393 exequias
462 1325 522 1373 tota
544 1323 657 1372 caterva
678 1330 768 1371 meas,

52 1509 161 1553 t-102,
178 1504 226 1565 My
237 1504 342 1553 caustis
357 1503 420 1552 said.
455 1503 534 1565 Doye
550 1502 651 1551 witness
653 1501 703 1566 sor
718 1518 756 1552 me
771 1517 838 1566 asye
849 1509 920 1566 weep,

98 1581 156 1629 and
163 1581 218 1645 help
230 1598 272 1644 my
282 1598 366 1631 course
377 1589 400 1631 to
411 1581 512 1630 heaven.

99 1706 197 1765 Causa
216 1717 351 1783 perorata
372 1716 423 1766 est.
465 1705 582 1765 Flentes
602 1725 650 1765 me
672 1708 780 1784 surgite
802 1716 898 1779 testeS,

140 1805 221 1862 Dum
242 1806 366 1881 pretium
387 1806 461 1864 vitae
483 1815 565 1882 grata
585 1805 717 1881 rependit
739 1806 853 1864 humus.
912 1824 970 1866 100

99 1902 233 1962 Moribus
254 1913 282 1962 et
304 1904 416 1962 eaelum
437 1904 545 1981 patuit:
569 1904 624 1961 sim
645 1903 734 1980 digna
756 1904 907 1974 merend0,

141 2000 232 2060 Cuius
253 2000 401 2060 honoratis
423 2020 490 2061 ossa
511 2002 652 2060 vehantur
673 2002 766 2078 aquis,

52 2211 96 2258 94.
114 2209 181 2257 valet
192 2209 247 2257 ulla
257 2209 314 2257 vias
325 2212 361 2257 N.
487 2212 531 2261 97.
549 2207 647 2257 lubrica
658 2213 787 2270 sumptum
799 2209 823 2256 0
873 2205 971 2255 lubrica

52 2274 115 2337 mpsi
126 2278 147 2322 Ζ
159 2274 216 2323 edd.
275 2275 387 2338 lubrzgn'a
397 2280 526 2337 sumptum
538 2277 574 2322 lt.
696 2276 742 2321 99.
760 2273 812 2321 For
823 2287 860 2320 me
872 2271 970 2320 Palmer

52 2348 131 2403 {gests
142 2355 181 2388 ne.
269 2344 330 2389 102.
348 2340 476 2389 vehantur
486 2339 557 2387 W.
583 2338 714 2388 vehuntur
726 2341 749 2386 0
794 2337 868 2402 aquis
879 2336 971 2386 ΗΝ

52 2406 116 2482 liner
128 2405 198 2518 (in
209 2420 337 2469 compares
349 2420 372 2468 3,
388 2407 425 2466 18,
440 2419 481 2468 31,
493 2403 537 2469 32)
577 2405 714 2469 cquisDV
725 2405 778 2453 Per.
791 2404 870 2453 Hertz
913 2402 971 2452 avis

52 2486 144 2532 ansius,
179 2487 216 2521 ae.
