2228 3712
229 164 575 236 PROPERTJU5,1v.
600 154 642 235 6.,
667 183 763 234 35-52.
931 172 973 242 95

96 331 159 387 Aut
180 328 272 405 qualis
293 329 388 389 flexos
409 329 493 388 solvit
514 328 650 404 Pythona
670 272 723 405 pel
743 329 831 389 orbes
928 345 967 405 35

141 427 323 504 Serpentem,
344 427 467 487 inbelles
487 445 576 504 quem
597 427 718 486 timuere
740 426 826 486 ferae.

51 699 139 742 -54.
160 693 196 741 ‘O
207 692 403 757 saviourostlre
420 692 518 742 world!
524 691 531 710 ’
542 693 572 741 lte
588 694 647 741 said
651 709 663 753 ;
680 700 802 759 ‘cosqucr
816 693 876 743 thou
894 693 923 756 by

96 787 138 820 sea
149 787 177 819 as
188 771 248 819 thou
263 771 320 819 last
335 772 472 835 conquered
485 771 603 835 byland:
612 771 670 836 free
686 772 731 834 thy
741 779 846 835 country
848 772 923 836 from

87 850 159 913 sear,
172 850 212 898 the
224 865 265 898 sea
268 850 341 914 from
351 849 456 899 stante!
498 851 545 899 Let
556 865 587 899 no
602 857 695 899 terrers
697 850 787 915 frigltt
797 851 850 900 thee
856 865 866 899 .·
891 866 923 899 no

96 945 168 977 cause
180 929 202 976 is
212 935 300 991 strong
308 930 364 979 that
375 929 397 978 is
404 935 448 978 not
455 929 532 993 just:
541 928 668 994 forword,
681 928 736 977 and
743 929 848 978 Phoebus
858 929 927 978 shall

96 1009 123 1056 be
134 1007 205 1056 trine
216 1007 263 1055 aid
269 1006 296 1056 l‘

96 1159 172 1218 Mox
194 1160 251 1217 ait:
281 1157 327 1218 ‘O
348 1157 441 1235 longa
460 1157 564 1217 mundi
585 1167 714 1216 servator
735 1158 773 1216 ab
794 1158 881 1232 Alba,

139 1261 282 1335 Auguste,
305 1258 463 1317 Hectoreis
484 1258 601 1334 cognite
623 1258 717 1317 maior
737 1258 806 1331 avis,

94 1360 191 1417 Vince
205 1358 294 1417 marii
316 1357 374 1415 iam
388 1367 464 1416 terra
478 1366 529 1415 tua
543 1366 604 1416 est:
626 1356 677 1416 tibi
692 1357 795 1417 militat
810 1375 905 1431 arcus,

135 1458 174 1516 Et
195 1457 271 1515 favet
292 1475 328 1516 ex
350 1456 478 1515 humeris
499 1455 557 1514 hoc
578 1473 654 1515 onus
676 1474 764 1515 omne
785 1458 867 1516 meis.
925 1477 965 1531 40

94 1556 180 1615 Solve
203 1565 286 1614 metu
307 1555 440 1632 patriam,
462 1573 538 1632 quae
560 1573 639 1614 nunc
660 1566 688 1614 te
709 1555 825 1615 vindice
847 1556 920 1615 freta

136 1655 271 1731 Inposuit
292 1672 397 1731 prorae
419 1654 537 1731 publica
557 1664 626 1713 vota
646 1665 723 1714 tuae.

93 1755 194 1826 Quam
214 1754 270 1812 nisi
292 1753 442 1823 defendes,
464 1771 616 1812 murorum
638 1752 784 1813 Romulus
805 1772 899 1830 augur

135 1853 182 1912 Ire
203 1853 348 1912 Palatinas
370 1870 432 1910 non
452 1853 528 1910 bene
549 1853 618 1912 vidit
639 1872 715 1912 aves.

93 1954 132 2011 Et
153 1953 276 2011 nimium
296 1953 383 2011 remis
405 1953 530 2011 audent:
561 1952 635 2029 proh
656 1962 738 2030 turpe
760 1952 881 2013 Latinos
927 1972 965 2028 45

135 2052 268 2128 Principe
289 2061 317 2110 te
338 2051 443 2110 fluctus
464 2051 545 2127 regia
564 2051 629 2110 vela
649 2052 718 2128 pati.

93 2150 216 2220 Necte,
239 2149 320 2227 quod
341 2150 443 2210 classis
465 2151 595 2210 centenis
617 2151 739 2227 remiget
760 2150 822 2223 alis

133 2249 270 2307 Terreat:
301 2249 391 2307 invito
411 2249 517 2308 labitur
536 2249 585 2308 illa
605 2249 687 2308 mari.

92 2347 242 2424 Quodque
256 2346 364 2406 vehunt
385 2366 490 2425 prorae
512 2348 675 2407 Centauros
696 2365 767 2406 saxa
788 2347 935 2419 minantis,

134 2445 233 2521 Tigna
255 2463 325 2503 cava
345 2433 490 2523 et'pictos
511 2446 661 2523 experiere
681 2455 785 2505 metus.
924 2462 963 2522 50

92 2543 210 2622 Frangit
227 2554 256 2604 et
277 2545 378 2604 attollit
400 2545 473 2603 vires
495 2545 525 2603 in
547 2544 638 2603 milite
658 2563 764 2618 causa3

134 2643 219 2714 Quae
240 2644 296 2703 nisi
318 2644 392 2702 iusta
413 2645 521 2716 subest,
544 2633 653 2703 excutit
674 2662 756 2702 arma
776 2642 881 2721 pudor.

48 2893 86 2938 36.
105 2888 244 2937 inbellesN
272 2887 379 2937 imbelles
387 2890 441 2935 DV
463 2886 867 2952 quonztacuerelyraeLMueller
893 2887 962 2948 lyrae

48 2958 116 3002 >vn
127 2954 212 3003 Hertz.
222 2961 280 3004 etc:
294 2953 441 3018 apparently
447 2954 511 3002 from
520 2953 538 3003 1.
549 2967 578 3015 3²
590 2969 595 3000 ε
612 2953 680 3003 Post.
688 2952 789 3002 defends
797 2952 825 3000 it.
848 2952 906 3000 Bae.
916 2950 961 3000 has

48 3037 77 3070 t:
98 3020 197 3068 Palmer
205 3020 261 3068 viri
269 3020 426 3083 (comparing
438 3019 485 3068 Or.
495 3018 557 3069 Met.
568 3032 589 3068 1.
598 3019 646 3081 438
659 3017 724 3082 sqq·)
736 3034 764 3066 or
767 3017 842 3082 ferae
853 3016 935 3066 which
947 3015 960 3064 I

48 3103 69 3136 re
81 3085 199 3148 adopted.
286 3088 330 3133 42.
348 3085 504 3148 InposuitN
554 3085 678 3148 Imposuit
689 3087 721 3132 Ο.
807 3086 852 3131 45.
869 3083 908 3131 Et
918 3082 959 3130 ni-

48 3168 88 3202 sm
107 3151 199 3199 NW
247 3150 285 3199 Et
299 3166 374 3208 nunc,
389 3166 426 3208 en,
440 3150 516 3198 remis
526 3150 620 3198 audent
625 3155 702 3213 prope
713 3149 771 3197 Bae.
815 3154 893 3211 prope
905 3150 959 3196 No

48 3235 58 3267 ·.
82 3217 259 3282 pr'olrturpez
286 3216 390 3264 Latinis
399 3218 452 3263 ΝΟ
478 3216 584 3263 Latzizos
592 3214 734 3272 Markland,
745 3214 802 3262 Bae.
811 3212 879 3262 Post.
911 3216 958 3263 49.

48 3282 161 3333 ιίαανίια
173 3282 214 3332 the
229 3281 302 3332 MSS.
316 3283 454 3331 Centauros
466 3279 530 3344 Gny.
565 3280 689 3329 minantis
700 3282 753 3326 ΝΕ
788 3277 913 3328 minantes
923 3282 957 3327 V.
