2228 3712
247 132 744 207 PROPERTIUS,11.1.,1-3⁶.
845 154 847 159 ·
916 138 974 209 ‘45

101 300 174 360 Non
194 318 251 377 ego
271 299 394 360 Titanas
414 316 561 373 canerem,
581 316 644 359 non
664 298 763 360 Ossan
783 297 913 380 Olympo

141 399 324 476 Impositam,
346 407 378 458 ut
399 398 472 460 caeli
494 397 596 457 Pelion
616 407 693 458 esset
713 399 775 474 iter,
936 417 974 461 ao

101 497 173 559 Non
200 507 312 558 veteres
339 496 469 572 Thebas,
498 514 553 556 nec
582 495 727 573 Pergama
753 516 863 561 nomen

224 595 357 669 Homeri,

141 695 248 755 Xerxis
270 705 298 755 et
319 695 441 772 imperio
461 697 532 757 hina
552 698 647 758 coisse
666 695 751 767 vada,

102 795 242 872 Regnare
263 794 360 872 prima
381 793 477 868 Remi,
499 800 548 856 a'ut
569 797 685 857 animos
707 792 893 872 Carthaginis

223 892 307 966 altae,

142 991 387 1071 Cimbrorumque
408 992 503 1053 minas
524 1004 554 1053 et
573 992 727 1053 benefacta
747 989 843 1051 Mari:

100 1089 241 1167 Bellaque
254 1109 359 1168 resque
373 1091 415 1150 tui
429 1109 624 1152 memorarem
638 1091 781 1164 Caesaris,
796 1100 826 1151 et
839 1099 871 1152 tu
936 1104 973 1169 25
1012 1148 1014 1153 .

143 1188 269 1249 Caesare
290 1191 347 1248 sub
366 1207 477 1267 magno
497 1209 568 1250 cura
589 1189 720 1251 secunda
739 1189 824 1250 [ores.
852 1198 854 1203 “

48 1429 142 1472 t-ae.
166 1421 299 1472 Whereuer
317 1422 401 1471 Coesar
409 1421 511 1486 fought,
529 1421 657 1472 mitreum
675 1421 759 1471 Cesar
773 1419 924 1485 triumphari,

101 1501 143 1550 mc
159 1500 234 1549 Mure
252 1500 319 1549 links
334 1500 380 1562 thy
395 1515 469 1550 name
486 1499 549 1550 with
566 1499 698 1550 tis-trus
714 1498 784 1563 loyat
798 1499 877 1562 ltcart,
895 1499 925 1551 in

101 1584 173 1642 camp
183 1576 336 1628 orcoumil!

71 1708 74 1714 ’
102 1690 183 1750 Nam
197 1690 331 1768 quotiens
344 1689 492 1749 Mutinam
507 1700 558 1749 aut
571 1689 663 1750 civilia
675 1690 761 1749 busta
774 1688 926 1767 Philippos

144 1789 206 1848 Aut
225 1808 361 1849 canerem
383 1788 496 1848 Siculae
516 1788 637 1850 classica
658 1789 735 1849 bella
755 1788 850 1865 fugae,

101 1888 284 1964 Eversosque
305 1887 387 1948 socos
408 1888 544 1965 antiquae
565 1889 660 1965 gentis
680 1887 828 1961 Etruscae,

143 1986 182 2047 Et
203 1987 382 2047 Ptolomaeei
403 1987 488 2047 litora
509 1997 595 2063 capta
615 1986 720 2058 Phari„
934 2005 973 2063 30

102 2085 163 2146 Aut
177 2103 314 2145 canerem
327 2084 497 2162 Aegyptum
511 2094 540 2145 et
554 2083 665 2156 Nilum,
679 2101 748 2144 cum
761 2092 869 2146 tractus

227 2184 258 2242 in
278 2185 383 2242 urbem

147 2278 267 2355 Septem
288 2277 409 2354 captivis
429 2276 532 2336 debilis
552 2277 612 2335 ibat
632 2276 725 2354 aquis,

104 2379 165 2437 Aut
185 2395 288 2455 regum
309 2376 416 2436 auratis
437 2375 615 2436 circumdata
636 2375 713 2434 colla
733 2374 852 2450 catenis,

145 2475 288 2554 Actiaque
309 2474 340 2533 in
362 2473 452 2535 Sacra
472 2491 586 2534 currere
606 2483 699 2532 rostra
719 2472 796 2535 Via:

104 2571 151 2633 Te
172 2592 240 2633 mea
260 2571 349 2632 Musa
370 2572 425 2632 illis
446 2590 562 2649 semper
582 2581 751 2631 contexeret
772 2574 869 2648 armis,
935 2591 974 2652 35

144 2671 185 2730 Et
204 2681 320 2748 sumpta
340 2680 369 2730 et
389 2671 485 2748 posita
505 2687 579 2747 pace
600 2669 685 2729 fidele
706 2680 804 2748 caput.

53 2893 101 2939 20.
114 2887 261 2950 Impositum
271 2890 353 2939 m·
362 2888 416 2938 Per.
432 2887 582 2952 Impositum
594 2891 649 2936 DV
656 2888 741 2938 Hertz.
775 2890 816 2936 21.
824 2893 930 2952 pergam
938 2890 975 2938 Ν.

48 2958 66 3004 l.
79 2952 385 3017 Xerxiveinperiohach
431 2957 475 3002 30.
487 2954 526 3002 Et
534 2955 587 3002 No
617 2953 868 3012 autSchrader,Bae.
897 2955 978 3019 ptolo-

48 3019 107 3070 emi
117 3021 146 3068 N
180 3019 328 3069 Ptolemaeei
338 3014 424 3068 Hertz.
443 3018 522 3068 Palm.
535 3018 643 3068 Mueller
671 3019 860 3083 ptholomeaaD
894 3020 977 3068 Ptolo·

48 3085 91 3137 aci
99 3084 157 3133 Bae.
191 3087 231 3132 31.
244 3084 418 3144 EtSchrader,
428 3085 486 3134 Bae.
496 3084 575 3133 Palm.
602 3086 720 3134 Ammo
728 3084 814 3133 Hertz.
839 3087 977 3149 cyptumll

48 3158 140 3215 aprum
152 3149 207 3199 Per.
217 3150 361 3199 DVHertz.
395 3149 602 3213 Aegyptumedd.
645 3151 750 3214 Captum
762 3151 819 3198 Bae.
877 3156 978 3199 atratus

48 3215 173 3266 aePalm.
214 3222 338 3264 attractus
346 3218 404 3265 NA
447 3222 543 3264 tractus
551 3218 605 3264 DV
616 3216 668 3264 Per.
678 3216 762 3264 Hertz.
805 3219 977 3266 atractatusll'

48 3281 111 3331 rbem
124 3280 219 3330 NPer.
231 3280 316 3330 Hertz.
350 3280 411 3330 urbe
422 3280 500 3330 Palm.
589 3284 639 3330 35.
656 3280 792 3332 contexerit
802 3282 865 3330 ΝΟ.
