2168 3720
77 170 118 230 24
321 157 536 231 rraurrus,
558 164 597 216 11.
619 162 661 233 5.,
684 161 785 227 51-os.

157 323 203 383 Te
224 341 341 401 quoque
362 324 421 382 iam
442 323 536 395 video,
559 322 649 382 Marti
669 304 814 401 placitura
833 316 949 384 sacerdot
1025 307 1058 378 '2‘

198 422 259 495 Ilia,
274 421 407 481 Vestales
428 422 588 481 deseruisse
609 420 701 495 focos,

158 519 396 598 Concubitusque
418 531 482 579 tuos
502 520 609 591 furtim,
630 521 774 597 vittasque
794 518 926 591 iacentes,
1031 503 1058 607 3}

199 619 237 677 Et
259 619 357 696 cupidi
379 618 417 677 ad
437 619 514 696 ripas
536 636 618 678 arma
637 618 738 679 relicta
758 618 815 679 dei.

77 836 195 880 85-64.
215 830 295 879 ‘Feed
302 846 343 890 on,
349 846 383 892 yc
394 827 474 890 bulla*
481 830 523 878 she
534 829 598 890 said,
608 832 615 857 ‘
624 828 700 878 while
704 843 739 892 ye
750 843 810 892 may
816 842 829 889 ‚·
839 827 897 879 here
905 828 967 878 Rome

157 909 226 957 shall
239 908 320 968 stand,
333 908 388 957 and
401 909 457 956 rule
466 908 539 972 from
550 908 617 957 East
632 913 656 956 to
672 907 753 957 Wests·
769 921 827 957 once
838 921 905 958 more
914 901 970 955 stall
1055 900 1058 911 ¹

163 988 228 1049 Troy
239 986 265 1035 be
271 992 352 1050 great,
364 985 418 1035 and
423 987 496 1049 glooy
508 985 536 1034 in
543 1001 612 1049 your
622 981 800 1048 wanderings!

159 1103 276 1180 Carpite
298 1122 385 1175 nunc,
401 1103 483 1176 tauri,
498 1103 535 1162 de
556 1112 668 1180 septem
688 1102 841 1161 montibus
862 1100 1010 1174 herbas,55

143 1195 145 1199 ¹
199 1203 280 1262 Dum
301 1204 383 1262 licet:
404 1204 452 1262 hic
474 1221 598 1280 magnae
619 1203 678 1261 iam
698 1200 780 1261 locus
801 1202 884 1263 urbis
903 1204 961 1263 erit

158 1302 264 1374 Roma,
285 1312 367 1361 tuum
389 1321 499 1360 nomen
520 1301 600 1360 terris
620 1299 706 1361 fatale
727 1300 873 1379 regendis,

200 1401 268 1473 Qua
290 1420 342 1459 sua
364 1402 400 1459 de
421 1401 503 1459 caelo
524 1400 664 1477 prospicit
684 1417 752 1458 arva
773 1398 873 1472 CereS,

161 1499 286 1577 Quaque
306 1510 407 1576 patent
428 1509 507 1558 ortus
528 1509 556 1558 et
578 1516 636 1576 qua
657 1497 836 1558 fluitantibus
857 1499 945 1561 undis

201 1598 276 1658 Solis
298 1599 466 1657 anhelantes
489 1598 578 1656 abluit
600 1596 694 1656 amnis
714 1614 816 1674 equos.
985 1598 1018 1657 60

160 1697 250 1756 Troia
271 1698 390 1774 quidem
411 1707 481 1757 tunc
503 1715 533 1755 se
554 1696 712 1769 mirabitur,
735 1707 764 1754 et
784 1695 840 1756 sibi
861 1695 940 1757 dicet

200 1795 263 1855 Vos
285 1797 360 1855 bene
381 1805 441 1854 tam
462 1795 550 1873 longa
571 1794 751 1854 consuluisse
771 1795 829 1855 via.

159 1895 237 1954 Vera
258 1912 351 1953 cano:
374 1894 415 1953 sic
436 1910 529 1970 usque
552 1911 649 1952 sacras
670 1892 791 1952 innoxia
809 1891 910 1953 laurus

201 1994 322 2066 Vescar‚
344 2003 372 2051 et
393 2003 543 2050 aeternum
564 1992 601 2050 sit
611 1991 693 2117 [nihi
713 1991 880 2067 virginitas’

443 2061 554 2127 Coeia
569 2073 609 2125 αι’
628 2065 713 2169 «fsto
729 2066 806 2112 ΜΛ·
822 2067 921 2149 Cpr.

78 2214 198 2257 05-80.
215 2207 248 2256 So
258 2221 323 2270 sang
332 2206 382 2264 she,
394 2204 448 2253 arrd
462 2203 541 2252 called
553 2219 585 2252 on
603 2203 662 2264 thee,
674 2202 800 2253 Phoebus:
817 2202 867 2255 blot
881 2211 934 2267 out,
945 2221 980 2256 we

154 2292 223 2348 pray
239 2285 298 2344 thee,
315 2284 355 2332 all
371 2299 453 2332 omens
468 2282 523 2330 dire
539 2281 653 2346 oscomct
668 2297 697 2331 or
713 2281 744 2345 of
754 2282 934 2345 stone-show,
956 2288 981 2348 os

159 2362 289 2410 errabottlcd
305 2362 349 2423 sky
364 2377 395 2409 or
411 2360 532 2423 speaking
541 2375 625 2423 grove,
643 2359 781 2424 ofsailing
794 2375 845 2409 sun
861 2376 892 2411 or
901 2361 979 2413 cloud·

160 2438 278 2501 wrappcd
281 2453 353 2501 year,
365 2439 484 2503 osvoiccd
491 2454 524 2487 ox
534 2454 564 2487 or
575 2438 688 2502 weeping
699 2437 757 2487 God.

161 2566 245 2625 Haec
266 2568 370 2626 cecinit
389 2578 469 2627 vates
490 2577 519 2626 et
540 2575 568 2626 te
590 2567 651 2638 sibi,
673 2566 801 2640 Phoebe,
824 2568 948 2642 vocavit,
987 2569 1022 2643 65

201 2665 321 2724 lactavit
341 2664 418 2723 susas
435 2677 464 2723 et
484 2676 573 2742 caput
593 2676 660 2725 ante
681 2684 790 2726 comas.

161 2762 311 2840 Quidquid
332 2763 496 2835 Amalthea,
519 2764 662 2841 quidquid
683 2763 832 2841 Marpesia
852 2763 926 2824 dixit

201 2861 372 2938 Herophiie,
395 2861 489 2938 Phyto
512 2862 658 2939 Graiaque
680 2864 759 2940 quod
781 2863 905 2936 monuit,

112 3062 156 3108 53.
174 3058 337 3122 vittasquez
387 3057 512 3122 victosque
530 3062 562 3109 0.
667 3063 714 3109 62.
732 3056 1030 3123 longa...viazSoe¹.

79 3126 198 3189 longam,
214 3160 219 3172 .
233 3161 238 3173 .
251 3123 321 3172 viam
334 3126 366 3173 0.
422 3127 468 3172 63.
486 3124 572 3173 lauros
584 3127 618 3174 G.
674 3128 721 3175 64.
743 3124 904 3175 VescarW
936 3126 1031 3175 Noscar

80 3194 106 3238 Δ
139 3189 312 3239 NoscatGV².
378 3191 471 3237 65-80
489 3189 715 3240 Baeholdstobe
730 3191 852 3254 spurious,
865 3186 1031 3256 interpolaret

80 3257 105 3306 in
118 3270 284 3320 consequence
296 3253 325 3303 os
333 3254 401 3304 there
414 3253 506 3318 having
517 3255 580 3304 been
592 3271 607 3304 a
621 3272 653 3320 ga
683 3256 746 3305 aiter
761 3256 778 3307 l.
790 3254 830 3320 64.
898 3260 943 3310 67.
964 3252 1034 3319 Quid

79 3325 145 3387 quod
155 3326 189 3373 A.
289 3325 336 3372 68.
353 3319 516 3385 ΕφγρΙιίΙιΘ
565 3272 773 3385 HcrqodileAV.
846 3321 937 3372 Phoeto
951 3320 1032 3373 Graia
