2228 3712
86 155 126 214 14
338 141 555 214 TJBULLUS,
577 149 601 199 1.
620 152 680 212 10.,
696 148 778 210 3-26.

164 307 244 366 Tum
265 305 369 366 caedes
389 305 547 365 hominum
570 306 681 383 generi,
702 316 765 365 tum
785 305 900 383 praelia
921 318 997 377 nata

204 407 284 466 Tum
305 407 419 466 brevior
439 406 518 465 dirae
539 406 639 466 mortis
660 412 759 484 aperta
779 407 828 466 via
849 416 905 467 est.

162 504 212 562 An
232 505 304 563 nihil
324 505 371 564 ille
392 505 481 564 miser
502 505 614 576 meruit,
634 522 690 564 nos
711 503 749 564 ad
771 504 851 563 mala
871 514 977 564 nostra
1012 517 1026 577 5

203 601 360 676 Vertimus,
382 603 413 660 in
434 620 534 662 saevas
555 601 635 680 quod
656 601 736 662 dedit
756 602 805 662 ille
826 601 926 663 feras?

161 701 265 759 Divitis
285 700 343 760 hoc
366 700 465 759 vitium
485 711 530 759 est
551 700 621 771 auri,
643 719 699 759 nec
720 700 797 760 bella
815 699 947 775 suerunt,

201 798 330 875 Faginus
351 800 464 858 astabat
485 817 553 858 cum
575 798 703 876 scyphus
723 808 792 858 ante
812 798 934 878 dapes,

162 896 232 956 Non
253 915 341 970 arces,
362 914 424 956 non
444 896 535 955 vallus
555 907 625 968 erat,
647 915 844 974 somnumque
865 901 983 976 petebat

187 996 329 1055 'Securus
351 997 443 1055 varias
465 996 524 1055 dux
545 996 643 1073 gregis
664 997 740 1056 inter
760 1015 839 1057 oves.
994 1016 1022 1055 ro

162 1095 250 1154 Tunc
271 1095 342 1154 mihi
362 1095 420 1154 vita
439 1095 523 1171 foret,
544 1095 623 1172 vulgi
643 1113 699 1155 nec
719 1095 811 1155 tristia
831 1114 953 1156 nossem

203 1194 302 1265 Anna,
324 1212 379 1252 nec
401 1193 547 1252 audissem
568 1193 658 1254 corde
678 1194 803 1254 micante
824 1195 937 1255 tubam.

82 1357 201 1402 18-28.
218 1350 274 1399 But
290 1365 347 1398 now
364 1349 382 1398 I
397 1365 440 1397 am
457 1349 566 1413 dragged
577 1349 617 1414 off
626 1355 650 1398 to
670 1341 815 1414 wart'keep
831 1365 870 1400 me
885 1350 982 1415 sasc,ye
1051 1372 1053 1409 ς

161 1429 241 1478 Lares
251 1428 283 1493 of
288 1442 329 1489 my
332 1426 434 1492 fathers
441 1441 450 1475 :
461 1442 494 1489 ye
505 1427 568 1477 have
578 1443 636 1476 ever
645 1426 702 1477 been
712 1427 775 1491 duly
783 1428 919 1489 honoured,
931 1427 982 1477 arrd

157 1522 191 1571 γε
200 1505 270 1554 shall
277 1505 303 1555 be
313 1504 442 1554 honoured
448 1521 511 1554 ever.

163 1615 252 1675 Nunc
272 1613 311 1673 ad
331 1615 405 1673 bella
426 1608 533 1686 trahor,
548 1625 576 1674 et
597 1614 655 1674 iam
672 1615 743 1692 qus
759 1613 881 1675 forsitan
900 1615 983 1676 hostis

204 1713 339 1772 Haesura
359 1713 389 1770 in
410 1727 510 1773 nostro
531 1713 589 1773 tela
609 1714 681 1792 gerit
701 1712 799 1773 latere.

164 1813 222 1873 Sed
242 1811 327 1889 patrii
348 1822 459 1872 servate
480 1811 589 1873 Lares:
612 1812 721 1871 aluistis
741 1822 770 1872 et
784 1798 880 1884 ¹idem,
985 1818 1009 1879 15

203 1911 360 1972 Cursarem
381 1921 491 1971 vestros
512 1929 580 1970 cum
601 1921 683 1970 tener
703 1919 771 1969 ante
791 1909 893 1987 pedes.

162 2011 229 2071 Neu
250 2010 357 2088 pudeat
379 2010 476 2087 prisco
497 2028 550 2069 vos
571 2028 634 2069 esse
656 2029 673 2068 e
694 2009 789 2086 stipite
809 2009 920 2069 iactos:

205 2109 253 2169 Sic
274 2110 377 2169 veteris
398 2108 481 2167 sedes
502 2108 661 2167 incoluistis
682 2108 735 2168 avi.
837 2170 844 2177 ,
892 2170 895 2175 ,
929 2126 933 2135 ’

163 2209 252 2268 Tunc
272 2207 375 2266 melius
396 2217 512 2266 tenuere
533 2207 631 2279 fidem,
654 2225 723 2266 cum
743 2224 873 2282 paupere
894 2206 970 2267 cultu

204 2305 305 2365 Stabat
325 2306 357 2364 in
377 2306 482 2381 exigua
502 2305 615 2381 ligneus
636 2305 710 2364 aede
731 2304 811 2363 deus.
987 2305 1037 2359 20

164 2404 223 2464 Hic
243 2404 374 2481 placatus
395 2414 464 2477 erat,
486 2423 537 2463 seu
558 2405 623 2482 quis
643 2404 782 2463 libaverat
802 2421 899 2474 uvam,

203 2501 262 2562 Seu
284 2502 401 2562 dederat
423 2512 540 2562 sanctae
562 2503 659 2581 spicea
680 2512 755 2562 serta
775 2519 902 2561 comae:

161 2603 259 2679 Atque
279 2601 382 2679 aliquis
403 2602 462 2661 voti
484 2620 606 2679 compos
627 2601 687 2660 liba
707 2602 769 2677 ipse
790 2599 900 2659 ferebat

203 2699 331 2777 Postque
352 2717 452 2758 comes
473 2718 578 2776 purum
599 2699 658 2758 filia
679 2717 767 2777 parva
786 2697 897 2775 favum.

163 2800 202 2858 At
222 2799 306 2858 nobis
327 2807 431 2869 aerata,
453 2796 551 2870 Lares,
572 2797 705 2874 depellite
726 2796 791 2868 tela,
990 2791 1050 2863 κέ

204 2897 367 2975 Hostiaque
389 2914 405 2954 e
426 2896 513 2973 plena
533 2897 639 2956 rustica
659 2913 764 2973 porcus
785 2893 864 2953 hara.

114 3052 187 3102 1.10.
206 3056 232 3102 b.
248 3053 359 3102 Anav
386 3054 451 3101 αἵθ
491 3051 585 3116 forsan
596 3057 620 3101 et
631 3051 674 3100 ille
685 3051 757 3100 nihil
765 3048 862 3099 meruit
872 3051 926 3099 Par.
1001 3053 1049 3099 ὅν

80 3118 181 3180 aptabat
192 3120 246 3167 Par.
299 3119 349 3168 For
359 3117 433 3182 dapes
444 3117 498 3165 Par.
515 3117 561 3165 has
572 3133 678 3166 mamm.
768 3119 811 3164 10.
827 3123 930 3164 saturas
941 3115 1049 3165 Heins‘

80 3182 285 3233 vacuasllroukh
317 3187 453 3249 sparsasz.
520 3187 559 3232 11.
573 3183 680 3246 vulgt'O
703 3182 783 3230 dulcis
793 3180 880 3230 Heins.
891 3186 920 3231 z.
987 3182 1042 3231 12ae

81 3253 198 3309 trepmtte
206 3253 240 3300 V.
289 3254 330 3299 18.
343 3248 463 3299 veterisz
493 3250 626 3297 veteresO.
675 3251 719 3296 23.
732 3248 813 3310 apsez
843 3247 897 3310 apsa
906 3249 939 3296 0.
984 3249 1035 3296 20.

81 3313 270 3380 Hostiaqucco
288 3316 378 3367 Hostia
386 3315 415 3365 de
423 3312 458 3365 (Ρ
474 3314 566 3364 Hostia
574 3313 654 3363 eritz
671 3313 774 3376 mystica
784 3315 810 3361 G
827 3312 923 3362 rustica
931 3310 1028 3364 ΠΨ.
