<?xml version="1.0" encoding="UTF-8"?>
<!DOCTYPE html PUBLIC "-//W3C//DTD XHTML 1.0 Transitional//EN"
    "http://www.w3.org/TR/xhtml1/DTD/xhtml1-transitional.dtd">
<html xmlns="http://www.w3.org/1999/xhtml" xml:lang="en" lang="en">
 <head>
  <title>
</title>
<meta http-equiv="Content-Type" content="text/html;charset=utf-8" />
  <meta name='ocr-system' content='tesseract 3.04.00' />
  <meta name='ocr-capabilities' content='ocr_page ocr_carea ocr_par ocr_line ocrx_word'/>
</head>
<body>
  <div class='ocr_page' id='page_1' title='image "./selectionsfromt00propgoog_0168.png"; bbox 0 0 2228 3712; ppageno 0'>
   <div class='ocr_carea' id='block_1_1' title="bbox 213 164 966 236">
    <p class='ocr_par' dir='ltr' id='par_1_1' title="bbox 213 164 966 236">
     <span class='ocr_line' id='line_1_1' title="bbox 213 164 966 236; baseline 0.007 -19"><span class='ocrx_word' id='word_1_1' title='bbox 213 164 485 229; x_wconf 68' lang='lat' dir='ltr'><em>PROPERTIVS,</em></span> <span class='ocrx_word' id='word_1_2' title='bbox 508 172 556 221; x_wconf 82' lang='lat' dir='ltr'>IV.</span> <span class='ocrx_word' id='word_1_3' title='bbox 583 175 642 236; x_wconf 93' lang='lat'>11.,</span> <span class='ocrx_word' id='word_1_4' title='bbox 667 178 764 234; x_wconf 77' lang='lat'><strong>5⁵·72·</strong></span> <span class='ocrx_word' id='word_1_5' title='bbox 908 176 966 222; x_wconf 91' lang='lat'>101</span> 
     </span>
    </p>
   </div>
   <div class='ocr_carea' id='block_1_2' title="bbox 50 367 922 510">
    <p class='ocr_par' dir='ltr' id='par_1_2' title="bbox 50 367 922 510">
     <span class='ocr_line' id='line_1_2' title="bbox 50 367 922 434; baseline 0.001 -16"><span class='ocrx_word' id='word_1_6' title='bbox 50 375 137 418; x_wconf 69' lang='grc' dir='ltr'>’ν-Εο,</span> <span class='ocrx_word' id='word_1_7' title='bbox 159 369 185 417; x_wconf 88' lang='grc' dir='ltr'><em>Τ</em></span> <span class='ocrx_word' id='word_1_8' title='bbox 180 385 194 418; x_wconf 84' lang='grc' dir='ltr'><em>ο</em></span> <span class='ocrx_word' id='word_1_9' title='bbox 204 369 264 427; x_wconf 83' lang='lat' dir='ltr'>thee,</span> <span class='ocrx_word' id='word_1_10' title='bbox 274 370 337 419; x_wconf 82' lang='lat' dir='ltr'>dcar</span> <span class='ocrx_word' id='word_1_11' title='bbox 346 369 447 428; x_wconf 82' lang='lat' dir='ltr'><em>mother,</em></span> <span class='ocrx_word' id='word_1_12' title='bbox 459 369 546 418; x_wconf 76' lang='lat' dir='ltr'>Idavc</span> <span class='ocrx_word' id='word_1_13' title='bbox 556 368 660 432; x_wconf 79' lang='lat' dir='ltr'><em>brought</em></span> <span class='ocrx_word' id='word_1_14' title='bbox 670 384 703 418; x_wconf 79' lang='lat' dir='ltr'>no</span> <span class='ocrx_word' id='word_1_15' title='bbox 709 369 787 434; x_wconf 79' lang='lat' dir='ltr'>grief</span> <span class='ocrx_word' id='word_1_16' title='bbox 789 367 834 419; x_wconf 77' lang='lat' dir='ltr'>but</span> <span class='ocrx_word' id='word_1_17' title='bbox 843 368 922 434; x_wconf 80' lang='lat' dir='ltr'>byr&#39;ny</span> 
     </span>
     <span class='ocr_line' id='line_1_3' title="bbox 97 446 622 510; baseline 0.004 -16"><span class='ocrx_word' id='word_1_18' title='bbox 97 446 189 495; x_wconf 84' lang='lat' dir='ltr'>death:</span> <span class='ocrx_word' id='word_1_19' title='bbox 209 448 294 496; x_wconf 86' lang='lat' dir='ltr'>Coesar</span> <span class='ocrx_word' id='word_1_20' title='bbox 302 447 409 510; x_wconf 80' lang='lat' dir='ltr'><em>himself</em></span> <span class='ocrx_word' id='word_1_21' title='bbox 414 447 515 496; x_wconf 75' lang='lat' dir='ltr'>hermils</span> <span class='ocrx_word' id='word_1_22' title='bbox 526 462 569 509; x_wconf 81' lang='lat' dir='ltr'>my</span> <span class='ocrx_word' id='word_1_23' title='bbox 579 448 622 497; x_wconf 85' lang='lat' dir='ltr'>lot.</span> 
     </span>
    </p>
   </div>
   <div class='ocr_carea' id='block_1_3' title="bbox 98 578 970 1147">
    <p class='ocr_par' dir='ltr' id='par_1_3' title="bbox 98 578 969 754">
     <span class='ocr_line' id='line_1_4' title="bbox 98 578 969 657; baseline 0.007 -22"><span class='ocrx_word' id='word_1_24' title='bbox 98 578 162 637; x_wconf 90' lang='lat' dir='ltr'>Nec</span> <span class='ocrx_word' id='word_1_25' title='bbox 184 590 221 650; x_wconf 87' lang='lat' dir='ltr'>te,</span> <span class='ocrx_word' id='word_1_26' title='bbox 243 580 327 639; x_wconf 91' lang='lat' dir='ltr'>dulce</span> <span class='ocrx_word' id='word_1_27' title='bbox 348 590 442 656; x_wconf 91' lang='lat' dir='ltr'>caput,</span> <span class='ocrx_word' id='word_1_28' title='bbox 464 590 557 638; x_wconf 82' lang='lat' dir='ltr'>mater</span> <span class='ocrx_word' id='word_1_29' title='bbox 579 579 738 653; x_wconf 88' lang='lat' dir='ltr'>Scribonia,</span> <span class='ocrx_word' id='word_1_30' title='bbox 760 580 849 640; x_wconf 84' lang='lat' dir='ltr'>laesi:</span> <span class='ocrx_word' id='word_1_31' title='bbox 930 595 969 657; x_wconf 84' lang='lat'>55</span> 
     </span>
     <span class='ocr_line' id='line_1_5' title="bbox 139 677 772 754; baseline 0.006 -20"><span class='ocrx_word' id='word_1_32' title='bbox 139 677 174 734; x_wconf 91' lang='lat' dir='ltr'>In</span> <span class='ocrx_word' id='word_1_33' title='bbox 196 696 243 736; x_wconf 91' lang='lat' dir='ltr'>me</span> <span class='ocrx_word' id='word_1_34' title='bbox 265 688 408 736; x_wconf 82' lang='lat' dir='ltr'>mutatum</span> <span class='ocrx_word' id='word_1_35' title='bbox 430 679 504 754; x_wconf 92' lang='lat' dir='ltr'>quid</span> <span class='ocrx_word' id='word_1_36' title='bbox 524 678 579 736; x_wconf 88' lang='lat' dir='ltr'>nisi</span> <span class='ocrx_word' id='word_1_37' title='bbox 601 678 661 736; x_wconf 86' lang='lat' dir='ltr'>fata</span> <span class='ocrx_word' id='word_1_38' title='bbox 681 679 772 738; x_wconf 85' lang='lat' dir='ltr'>velis?</span> 
     </span>
    </p>

    <p class='ocr_par' dir='ltr' id='par_1_4' title="bbox 99 774 834 951">
     <span class='ocr_line' id='line_1_6' title="bbox 99 774 834 854; baseline 0.005 -22"><span class='ocrx_word' id='word_1_39' title='bbox 99 774 240 834; x_wconf 89' lang='lat' dir='ltr'>Maternis</span> <span class='ocrx_word' id='word_1_40' title='bbox 261 776 367 835; x_wconf 89' lang='lat' dir='ltr'>laudor</span> <span class='ocrx_word' id='word_1_41' title='bbox 387 776 510 835; x_wconf 82' lang='lat' dir='ltr'><strong>lacrimis</strong></span> <span class='ocrx_word' id='word_1_42' title='bbox 530 777 668 853; x_wconf 85' lang='lat' dir='ltr'>urbisque</span> <span class='ocrx_word' id='word_1_43' title='bbox 690 776 834 854; x_wconf 89' lang='lat' dir='ltr'>querellis,</span> 
     </span>
     <span class='ocr_line' id='line_1_7' title="bbox 139 873 789 951; baseline 0.006 -20"><span class='ocrx_word' id='word_1_44' title='bbox 139 873 269 933; x_wconf 84' lang='lat' dir='ltr'>Defensa</span> <span class='ocrx_word' id='word_1_45' title='bbox 290 885 319 933; x_wconf 89' lang='lat' dir='ltr'>et</span> <span class='ocrx_word' id='word_1_46' title='bbox 339 876 450 951; x_wconf 90' lang='lat' dir='ltr'>gemitu</span> <span class='ocrx_word' id='word_1_47' title='bbox 470 874 604 934; x_wconf 84' lang='lat' dir='ltr'>Caesaris</span> <span class='ocrx_word' id='word_1_48' title='bbox 625 893 694 934; x_wconf 87' lang='lat' dir='ltr'>ossa</span> <span class='ocrx_word' id='word_1_49' title='bbox 714 893 789 935; x_wconf 78' lang='lat' dir='ltr'>mea</span> 
     </span>
    </p>

    <p class='ocr_par' dir='ltr' id='par_1_5' title="bbox 99 971 970 1147">
     <span class='ocr_line' id='line_1_8' title="bbox 99 971 737 1050; baseline 0.003 -21"><span class='ocrx_word' id='word_1_50' title='bbox 99 971 152 1030; x_wconf 93' lang='lat' dir='ltr'>Ille</span> <span class='ocrx_word' id='word_1_51' title='bbox 173 990 226 1030; x_wconf 91' lang='lat' dir='ltr'>sua</span> <span class='ocrx_word' id='word_1_52' title='bbox 246 982 315 1031; x_wconf 87' lang='lat' dir='ltr'>nata</span> <span class='ocrx_word' id='word_1_53' title='bbox 336 973 457 1050; x_wconf 88' lang='lat' dir='ltr'>dignam</span> <span class='ocrx_word' id='word_1_54' title='bbox 478 974 583 1032; x_wconf 87' lang='lat' dir='ltr'>vixisse</span> <span class='ocrx_word' id='word_1_55' title='bbox 605 991 737 1033; x_wconf 88' lang='lat' dir='ltr'>sororem</span> 
     </span>
     <span class='ocr_line' id='line_1_9' title="bbox 140 1070 970 1147; baseline 0.005 -21"><span class='ocrx_word' id='word_1_56' title='bbox 140 1070 282 1147; x_wconf 88' lang='lat' dir='ltr'>Increpat,</span> <span class='ocrx_word' id='word_1_57' title='bbox 304 1082 333 1129; x_wconf 91' lang='lat' dir='ltr'>et</span> <span class='ocrx_word' id='word_1_58' title='bbox 354 1071 488 1131; x_wconf 87' lang='lat' dir='ltr'>lacrimas</span> <span class='ocrx_word' id='word_1_59' title='bbox 508 1071 632 1130; x_wconf 89' lang='lat' dir='ltr'>vidimus</span> <span class='ocrx_word' id='word_1_60' title='bbox 653 1073 695 1130; x_wconf 90' lang='lat' dir='ltr'>ire</span> <span class='ocrx_word' id='word_1_61' title='bbox 716 1071 791 1131; x_wconf 87' lang='lat' dir='ltr'>Deo.</span> <span class='ocrx_word' id='word_1_62' title='bbox 930 1073 970 1130; x_wconf 88' lang='lat'>60</span> 
     </span>
    </p>
   </div>
   <div class='ocr_carea' id='block_1_4' title="bbox 52 1331 927 1552">
    <p class='ocr_par' dir='ltr' id='par_1_6' title="bbox 52 1331 927 1552">
     <span class='ocr_line' id='line_1_10' title="bbox 52 1331 927 1397; baseline 0.001 -17"><span class='ocrx_word' id='word_1_63' title='bbox 52 1333 135 1380; x_wconf 73' lang='grc'>-72,</span> <span class='ocrx_word' id='word_1_64' title='bbox 154 1332 174 1378; x_wconf 88' lang='lat' dir='ltr'><em>J</em></span> <span class='ocrx_word' id='word_1_65' title='bbox 187 1331 250 1379; x_wconf 74' lang='lat' dir='ltr'>ltave</span> <span class='ocrx_word' id='word_1_66' title='bbox 265 1332 362 1395; x_wconf 80' lang='lat' dir='ltr'>gained</span> <span class='ocrx_word' id='word_1_67' title='bbox 381 1332 480 1381; x_wconf 75' lang='lat' dir='ltr'>dortour</span> <span class='ocrx_word' id='word_1_68' title='bbox 492 1332 566 1397; x_wconf 81' lang='lat' dir='ltr'>from</span> <span class='ocrx_word' id='word_1_69' title='bbox 587 1347 629 1394; x_wconf 89' lang='lat' dir='ltr'>my</span> <span class='ocrx_word' id='word_1_70' title='bbox 646 1348 702 1381; x_wconf 81' lang='lat' dir='ltr'>sons</span> <span class='ocrx_word' id='word_1_71' title='bbox 708 1348 720 1392; x_wconf 88' lang='lat'>,·</span> <span class='ocrx_word' id='word_1_72' title='bbox 736 1332 807 1382; x_wconf 82' lang='lat' dir='ltr'>twice</span> <span class='ocrx_word' id='word_1_73' title='bbox 823 1332 869 1381; x_wconf 78' lang='lat' dir='ltr'>has</span> <span class='ocrx_word' id='word_1_74' title='bbox 884 1348 927 1395; x_wconf 87' lang='lat' dir='ltr'>my</span> 
     </span>
     <span class='ocr_line' id='line_1_11' title="bbox 94 1408 922 1475; baseline 0.004 -19"><span class='ocrx_word' id='word_1_75' title='bbox 94 1408 195 1456; x_wconf 78' lang='lat' dir='ltr'>brother</span> <span class='ocrx_word' id='word_1_76' title='bbox 203 1409 277 1458; x_wconf 83' lang='lat' dir='ltr'>borne</span> <span class='ocrx_word' id='word_1_77' title='bbox 288 1409 395 1458; x_wconf 84' lang='lat' dir='ltr'>consul&#39;s</span> <span class='ocrx_word' id='word_1_78' title='bbox 404 1411 468 1475; x_wconf 84' lang='lat' dir='ltr'>office</span> <span class='ocrx_word' id='word_1_79' title='bbox 474 1426 486 1469; x_wconf 89' lang='lat'><em>;</em></span> <span class='ocrx_word' id='word_1_80' title='bbox 503 1426 545 1473; x_wconf 88' lang='lat' dir='ltr'>my</span> <span class='ocrx_word' id='word_1_81' title='bbox 555 1409 680 1473; x_wconf 77' lang='lat' dir='ltr'>daughter</span> <span class='ocrx_word' id='word_1_82' title='bbox 694 1410 717 1458; x_wconf 85' lang='lat' dir='ltr'>is</span> <span class='ocrx_word' id='word_1_83' title='bbox 727 1410 824 1473; x_wconf 67' lang='lat' dir='ltr'><em>wonhy</em></span> <span class='ocrx_word' id='word_1_84' title='bbox 833 1410 866 1474; x_wconf 87' lang='lat' dir='ltr'>os</span> <span class='ocrx_word' id='word_1_85' title='bbox 875 1410 922 1459; x_wconf 76' lang='lat' dir='ltr'>lter</span> 
     </span>
     <span class='ocr_line' id='line_1_12' title="bbox 94 1485 814 1552; baseline 0.004 -18"><span class='ocrx_word' id='word_1_86' title='bbox 94 1502 166 1541; x_wconf 66' lang='lat' dir='ltr'>ram</span> <span class='ocrx_word' id='word_1_87' title='bbox 183 1488 204 1535; x_wconf 92' lang='lat' dir='ltr'><em>I</em></span> <span class='ocrx_word' id='word_1_88' title='bbox 210 1488 273 1535; x_wconf 68' lang='lat' dir='ltr'>leave</span> <span class='ocrx_word' id='word_1_89' title='bbox 284 1504 300 1535; x_wconf 91' lang='lat' dir='ltr'>a</span> <span class='ocrx_word' id='word_1_90' title='bbox 304 1488 368 1551; x_wconf 89' lang='lat' dir='ltr'>fair</span> <span class='ocrx_word' id='word_1_91' title='bbox 377 1504 459 1544; x_wconf 84' lang='lat' dir='ltr'>name,</span> <span class='ocrx_word' id='word_1_92' title='bbox 471 1504 488 1536; x_wconf 88' lang='lat' dir='ltr'>a</span> <span class='ocrx_word' id='word_1_93' title='bbox 499 1485 619 1537; x_wconf 84' lang='lat' dir='ltr'>woman’s</span> <span class='ocrx_word' id='word_1_94' title='bbox 630 1488 727 1552; x_wconf 73' lang='lat' dir='ltr'>hr‘glzcn</span> <span class='ocrx_word' id='word_1_95' title='bbox 733 1489 814 1552; x_wconf 80' lang='lat' dir='ltr'>glory.</span> 
     </span>
    </p>
   </div>
   <div class='ocr_carea' id='block_1_5' title="bbox 92 1604 1008 2873">
    <p class='ocr_par' dir='ltr' id='par_1_7' title="bbox 92 1604 1008 2873">
     <span class='ocr_line' id='line_1_13' title="bbox 92 1604 830 1692; baseline 0.003 -20"><span class='ocrx_word' id='word_1_96' title='bbox 92 1615 132 1674; x_wconf 89' lang='lat' dir='ltr'>Et</span> <span class='ocrx_word' id='word_1_97' title='bbox 154 1625 252 1674; x_wconf 82' lang='lat' dir='ltr'>tamen</span> <span class='ocrx_word' id='word_1_98' title='bbox 274 1616 384 1674; x_wconf 88' lang='lat' dir='ltr'>emerui</span> <span class='ocrx_word' id='word_1_99' title='bbox 405 1633 565 1692; x_wconf 88' lang='lat' dir='ltr'>generosos</span> <span class='ocrx_word' id='word_1_100' title='bbox 586 1615 674 1674; x_wconf 83' lang='lat' dir='ltr'>vestis</span> <span class='ocrx_word' id='word_1_101' title='bbox 694 1604 830 1688; x_wconf 77' lang='lat' dir='ltr'>honores,</span> 
     </span>
     <span class='ocr_line' id='line_1_14' title="bbox 134 1713 902 1791; baseline 0.005 -20"><span class='ocrx_word' id='word_1_102' title='bbox 134 1713 200 1773; x_wconf 93' lang='lat' dir='ltr'>Nec</span> <span class='ocrx_word' id='word_1_103' title='bbox 221 1731 288 1773; x_wconf 91' lang='lat' dir='ltr'>mea</span> <span class='ocrx_word' id='word_1_104' title='bbox 309 1715 347 1773; x_wconf 93' lang='lat' dir='ltr'>de</span> <span class='ocrx_word' id='word_1_105' title='bbox 368 1714 457 1772; x_wconf 91' lang='lat' dir='ltr'>sterili</span> <span class='ocrx_word' id='word_1_106' title='bbox 478 1713 555 1772; x_wconf 85' lang='lat' dir='ltr'>facta</span> <span class='ocrx_word' id='word_1_107' title='bbox 576 1714 679 1791; x_wconf 89' lang='lat' dir='ltr'>rapina</span> <span class='ocrx_word' id='word_1_108' title='bbox 701 1716 799 1774; x_wconf 91' lang='lat' dir='ltr'>dom0.</span> <span class='ocrx_word' id='word_1_109' title='bbox 899 1734 902 1739; x_wconf 90' lang='lat'>·</span> 
     </span>
     <span class='ocr_line' id='line_1_15' title="bbox 94 1811 1008 1891; baseline 0.002 -21"><span class='ocrx_word' id='word_1_110' title='bbox 94 1813 154 1883; x_wconf 90' lang='lat' dir='ltr'>Tu,</span> <span class='ocrx_word' id='word_1_111' title='bbox 190 1811 311 1891; x_wconf 88' lang='lat' dir='ltr'>Lepide,</span> <span class='ocrx_word' id='word_1_112' title='bbox 349 1823 378 1871; x_wconf 90' lang='lat' dir='ltr'>et</span> <span class='ocrx_word' id='word_1_113' title='bbox 412 1823 452 1883; x_wconf 88' lang='lat' dir='ltr'>tu,</span> <span class='ocrx_word' id='word_1_114' title='bbox 484 1811 584 1884; x_wconf 87' lang='lat' dir='ltr'>Paule,</span> <span class='ocrx_word' id='word_1_115' title='bbox 620 1831 721 1872; x_wconf 90' lang='lat' dir='ltr'>meum</span> <span class='ocrx_word' id='word_1_116' title='bbox 755 1824 823 1891; x_wconf 90' lang='lat' dir='ltr'>post</span> <span class='ocrx_word' id='word_1_117' title='bbox 858 1813 917 1872; x_wconf 85' lang='lat' dir='ltr'>lata</span> <span class='ocrx_word' id='word_1_118' title='bbox 1003 1880 1008 1889; x_wconf 34' lang='lat'>¹</span> 
     </span>
     <span class='ocr_line' id='line_1_16' title="bbox 218 1911 360 1982; baseline 0 -15"><span class='ocrx_word' id='word_1_119' title='bbox 218 1911 360 1982; x_wconf 89' lang='lat' dir='ltr'>levamen,</span> 
     </span>
     <span class='ocr_line' id='line_1_17' title="bbox 137 2007 813 2069; baseline 0.003 -2"><span class='ocrx_word' id='word_1_120' title='bbox 137 2007 265 2067; x_wconf 89' lang='lat' dir='ltr'>Condita</span> <span class='ocrx_word' id='word_1_121' title='bbox 285 2019 351 2067; x_wconf 90' lang='lat' dir='ltr'>sunt</span> <span class='ocrx_word' id='word_1_122' title='bbox 371 2019 467 2067; x_wconf 86' lang='lat' dir='ltr'>vestro</span> <span class='ocrx_word' id='word_1_123' title='bbox 487 2009 598 2067; x_wconf 89' lang='lat' dir='ltr'>lumina</span> <span class='ocrx_word' id='word_1_124' title='bbox 619 2020 719 2068; x_wconf 88' lang='lat' dir='ltr'>nostra</span> <span class='ocrx_word' id='word_1_125' title='bbox 740 2011 813 2069; x_wconf 91' lang='lat' dir='ltr'>sinu.</span> 
     </span>
     <span class='ocr_line' id='line_1_18' title="bbox 95 2105 966 2184; baseline 0.006 -22"><span class='ocrx_word' id='word_1_126' title='bbox 95 2106 231 2164; x_wconf 89' lang='lat' dir='ltr'>Vidimus</span> <span class='ocrx_word' id='word_1_127' title='bbox 252 2115 281 2164; x_wconf 89' lang='lat' dir='ltr'>et</span> <span class='ocrx_word' id='word_1_128' title='bbox 300 2105 418 2164; x_wconf 88' lang='lat' dir='ltr'>fratrem</span> <span class='ocrx_word' id='word_1_129' title='bbox 439 2105 540 2164; x_wconf 89' lang='lat' dir='ltr'>sellam</span> <span class='ocrx_word' id='word_1_130' title='bbox 561 2107 725 2181; x_wconf 87' lang='lat' dir='ltr'>geminasse</span> <span class='ocrx_word' id='word_1_131' title='bbox 746 2107 884 2180; x_wconf 90' lang='lat' dir='ltr'>curulem,</span> <span class='ocrx_word' id='word_1_132' title='bbox 927 2111 966 2184; x_wconf 86' lang='lat'>65</span> 
     </span>
     <span class='ocr_line' id='line_1_19' title="bbox 137 2203 811 2282; baseline 0.004 -20"><span class='ocrx_word' id='word_1_133' title='bbox 137 2203 266 2263; x_wconf 89' lang='lat' dir='ltr'>Consule</span> <span class='ocrx_word' id='word_1_134' title='bbox 287 2222 347 2280; x_wconf 91' lang='lat' dir='ltr'>quo</span> <span class='ocrx_word' id='word_1_135' title='bbox 367 2203 444 2262; x_wconf 87' lang='lat' dir='ltr'>facto</span> <span class='ocrx_word' id='word_1_136' title='bbox 465 2214 596 2280; x_wconf 90' lang='lat' dir='ltr'>tempore</span> <span class='ocrx_word' id='word_1_137' title='bbox 617 2215 699 2282; x_wconf 89' lang='lat' dir='ltr'>rapta</span> <span class='ocrx_word' id='word_1_138' title='bbox 720 2223 811 2265; x_wconf 88' lang='lat' dir='ltr'>soror.</span> 
     </span>
     <span class='ocr_line' id='line_1_20' title="bbox 95 2301 818 2379; baseline 0.006 -20"><span class='ocrx_word' id='word_1_139' title='bbox 95 2301 177 2372; x_wconf 85' lang='lat' dir='ltr'>Filia,</span> <span class='ocrx_word' id='word_1_140' title='bbox 200 2311 231 2360; x_wconf 93' lang='lat' dir='ltr'>tu</span> <span class='ocrx_word' id='word_1_141' title='bbox 251 2303 401 2379; x_wconf 88' lang='lat' dir='ltr'>specimen</span> <span class='ocrx_word' id='word_1_142' title='bbox 422 2321 562 2361; x_wconf 87' lang='lat' dir='ltr'>censurae</span> <span class='ocrx_word' id='word_1_143' title='bbox 583 2312 651 2360; x_wconf 89' lang='lat' dir='ltr'>nata</span> <span class='ocrx_word' id='word_1_144' title='bbox 672 2313 818 2379; x_wconf 85' lang='lat' dir='ltr'>paternae,</span> 
     </span>
     <span class='ocr_line' id='line_1_21' title="bbox 134 2399 762 2474; baseline 0.002 -16"><span class='ocrx_word' id='word_1_145' title='bbox 134 2399 196 2458; x_wconf 91' lang='lat' dir='ltr'>Fac</span> <span class='ocrx_word' id='word_1_146' title='bbox 215 2411 316 2458; x_wconf 88' lang='lat' dir='ltr'>teneas</span> <span class='ocrx_word' id='word_1_147' title='bbox 337 2418 429 2457; x_wconf 92' lang='lat' dir='ltr'>unum</span> <span class='ocrx_word' id='word_1_148' title='bbox 449 2419 505 2459; x_wconf 91' lang='lat' dir='ltr'>nos</span> <span class='ocrx_word' id='word_1_149' title='bbox 525 2401 637 2460; x_wconf 88' lang='lat' dir='ltr'>imitata</span> <span class='ocrx_word' id='word_1_150' title='bbox 657 2402 762 2474; x_wconf 88' lang='lat' dir='ltr'>virum,</span> 
     </span>
     <span class='ocr_line' id='line_1_22' title="bbox 93 2497 828 2576; baseline 0.004 -19"><span class='ocrx_word' id='word_1_151' title='bbox 93 2499 131 2557; x_wconf 87' lang='lat' dir='ltr'>Et</span> <span class='ocrx_word' id='word_1_152' title='bbox 154 2499 227 2557; x_wconf 89' lang='lat' dir='ltr'>serie</span> <span class='ocrx_word' id='word_1_153' title='bbox 248 2497 344 2557; x_wconf 86' lang='lat' dir='ltr'>fulcite</span> <span class='ocrx_word' id='word_1_154' title='bbox 365 2517 476 2576; x_wconf 86' lang='lat' dir='ltr'>genus:</span> <span class='ocrx_word' id='word_1_155' title='bbox 501 2499 573 2557; x_wconf 90' lang='lat' dir='ltr'>mihi</span> <span class='ocrx_word' id='word_1_156' title='bbox 593 2501 700 2575; x_wconf 87' lang='lat' dir='ltr'>cymba</span> <span class='ocrx_word' id='word_1_157' title='bbox 720 2501 828 2560; x_wconf 87' lang='lat' dir='ltr'>volenti</span> 
     </span>
     <span class='ocr_line' id='line_1_23' title="bbox 133 2582 964 2676; baseline 0.005 -21"><span class='ocrx_word' id='word_1_158' title='bbox 133 2596 259 2656; x_wconf 88' lang='lat' dir='ltr'>Solvitur</span> <span class='ocrx_word' id='word_1_159' title='bbox 279 2598 405 2656; x_wconf 87' lang='lat' dir='ltr'>aucturis</span> <span class='ocrx_word' id='word_1_160' title='bbox 425 2607 469 2656; x_wconf 90' lang='lat' dir='ltr'>tot</span> <span class='ocrx_word' id='word_1_161' title='bbox 489 2616 556 2656; x_wconf 91' lang='lat' dir='ltr'>mea</span> <span class='ocrx_word' id='word_1_162' title='bbox 577 2597 636 2657; x_wconf 90' lang='lat' dir='ltr'>sata</span> <span class='ocrx_word' id='word_1_163' title='bbox 654 2582 738 2658; x_wconf 83' lang='lat' dir='ltr'>meis.</span> <span class='ocrx_word' id='word_1_164' title='bbox 926 2615 964 2676; x_wconf 87' lang='lat'>70</span> 
     </span>
     <span class='ocr_line' id='line_1_24' title="bbox 92 2693 833 2774; baseline 0.005 -23"><span class='ocrx_word' id='word_1_165' title='bbox 92 2693 178 2753; x_wconf 89' lang='lat' dir='ltr'>Haec</span> <span class='ocrx_word' id='word_1_166' title='bbox 200 2705 244 2753; x_wconf 90' lang='lat' dir='ltr'>est</span> <span class='ocrx_word' id='word_1_167' title='bbox 264 2695 383 2754; x_wconf 86' lang='lat' dir='ltr'>feminei</span> <span class='ocrx_word' id='word_1_168' title='bbox 402 2713 516 2754; x_wconf 87' lang='lat' dir='ltr'>merces</span> <span class='ocrx_word' id='word_1_169' title='bbox 537 2706 666 2755; x_wconf 85' lang='lat' dir='ltr'>extrema</span> <span class='ocrx_word' id='word_1_170' title='bbox 686 2696 833 2774; x_wconf 89' lang='lat' dir='ltr'>triumphi,</span> 
     </span>
     <span class='ocr_line' id='line_1_25' title="bbox 133 2791 839 2873; baseline 0.004 -22"><span class='ocrx_word' id='word_1_171' title='bbox 133 2791 248 2852; x_wconf 85' lang='lat' dir='ltr'>Laudat</span> <span class='ocrx_word' id='word_1_172' title='bbox 268 2795 319 2852; x_wconf 92' lang='lat' dir='ltr'>ubi</span> <span class='ocrx_word' id='word_1_173' title='bbox 340 2795 493 2853; x_wconf 86' lang='lat' dir='ltr'>emeritum</span> <span class='ocrx_word' id='word_1_174' title='bbox 514 2795 604 2853; x_wconf 91' lang='lat' dir='ltr'>libera</span> <span class='ocrx_word' id='word_1_175' title='bbox 625 2795 703 2854; x_wconf 88' lang='lat' dir='ltr'>fama</span> <span class='ocrx_word' id='word_1_176' title='bbox 723 2815 839 2873; x_wconf 85' lang='lat' dir='ltr'>rogum.</span> 
     </span>
    </p>
   </div>
   <div class='ocr_carea' id='block_1_6' title="bbox 50 3028 966 3339">
    <p class='ocr_par' dir='ltr' id='par_1_8' title="bbox 50 3028 966 3339">
     <span class='ocr_line' id='line_1_26' title="bbox 50 3028 966 3093; baseline 0.001 -16"><span class='ocrx_word' id='word_1_177' title='bbox 50 3031 89 3077; x_wconf 79' lang='lat'>33.</span> <span class='ocrx_word' id='word_1_178' title='bbox 112 3028 276 3077; x_wconf 82' lang='lat' dir='ltr'>Te...te0</span> <span class='ocrx_word' id='word_1_179' title='bbox 314 3029 495 3077; x_wconf 76' lang='lat' dir='ltr'>Tu...tuz.</span> <span class='ocrx_word' id='word_1_180' title='bbox 566 3032 611 3078; x_wconf 76' lang='lat'>65.</span> <span class='ocrx_word' id='word_1_181' title='bbox 628 3028 862 3093; x_wconf 79' lang='lat' dir='ltr'>sellaingemuisse</span> <span class='ocrx_word' id='word_1_182' title='bbox 877 3030 966 3078; x_wconf 78' lang='lat' dir='ltr'>curuli</span> 
     </span>
     <span class='ocr_line' id='line_1_27' title="bbox 50 3093 966 3158; baseline 0.001 -15"><span class='ocrx_word' id='word_1_183' title='bbox 50 3111 69 3143; x_wconf 80' lang='lat' dir='ltr'>e.</span> <span class='ocrx_word' id='word_1_184' title='bbox 170 3097 218 3141; x_wconf 86' lang='grc'>66.</span> <span class='ocrx_word' id='word_1_185' title='bbox 239 3094 335 3142; x_wconf 83' lang='lat' dir='ltr'>Consul</span> <span class='ocrx_word' id='word_1_186' title='bbox 347 3109 395 3157; x_wconf 87' lang='lat' dir='ltr'>quo</span> <span class='ocrx_word' id='word_1_187' title='bbox 403 3093 491 3158; x_wconf 86' lang='lat' dir='ltr'>sactus</span> <span class='ocrx_word' id='word_1_188' title='bbox 501 3100 608 3158; x_wconf 81' lang='lat' dir='ltr'>tempore</span> <span class='ocrx_word' id='word_1_189' title='bbox 618 3094 696 3143; x_wconf 91' lang='lat' dir='ltr'>Lach.</span> <span class='ocrx_word' id='word_1_190' title='bbox 725 3095 784 3146; x_wconf 85' lang='lat' dir='ltr'>Bae.</span> <span class='ocrx_word' id='word_1_191' title='bbox 796 3094 843 3143; x_wconf 89' lang='lat' dir='ltr'>has</span> <span class='ocrx_word' id='word_1_192' title='bbox 845 3094 917 3157; x_wconf 84' lang='lat' dir='ltr'>salso</span> <span class='ocrx_word' id='word_1_193' title='bbox 927 3096 966 3144; x_wconf 83' lang='lat' dir='ltr'>lor</span> 
     </span>
     <span class='ocr_line' id='line_1_28' title="bbox 50 3158 963 3224; baseline 0.002 -17"><span class='ocrx_word' id='word_1_194' title='bbox 50 3167 71 3207; x_wconf 72' lang='lat' dir='ltr'>lo</span> <span class='ocrx_word' id='word_1_195' title='bbox 116 3159 151 3205; x_wconf 92' lang='lat' dir='ltr'>H.</span> <span class='ocrx_word' id='word_1_196' title='bbox 164 3159 197 3206; x_wconf 85' lang='lat' dir='ltr'>A.</span> <span class='ocrx_word' id='word_1_197' title='bbox 209 3158 233 3222; x_wconf 83' lang='lat' dir='ltr'>J.</span> <span class='ocrx_word' id='word_1_198' title='bbox 247 3159 338 3208; x_wconf 89' lang='lat' dir='ltr'>Munro</span> <span class='ocrx_word' id='word_1_199' title='bbox 350 3158 413 3221; x_wconf 88' lang='lat' dir='ltr'>conj.</span> <span class='ocrx_word' id='word_1_200' title='bbox 418 3159 485 3223; x_wconf 86' lang='lat' dir='ltr'>sesto</span> <span class='ocrx_word' id='word_1_201' title='bbox 496 3175 525 3208; x_wconf 92' lang='lat' dir='ltr'>or</span> <span class='ocrx_word' id='word_1_202' title='bbox 527 3159 592 3224; x_wconf 85' lang='lat' dir='ltr'>sati.</span> <span class='ocrx_word' id='word_1_203' title='bbox 684 3165 728 3212; x_wconf 83' lang='lat'>70.</span> <span class='ocrx_word' id='word_1_204' title='bbox 746 3161 895 3208; x_wconf 78' lang='lat' dir='ltr'>aucturisz</span> <span class='ocrx_word' id='word_1_205' title='bbox 907 3160 963 3209; x_wconf 89' lang='lat' dir='ltr'>edd.</span> 
     </span>
     <span class='ocr_line' id='line_1_29' title="bbox 50 3223 964 3289; baseline 0.003 -18"><span class='ocrx_word' id='word_1_206' title='bbox 50 3223 128 3272; x_wconf 80' lang='lat' dir='ltr'>:turis</span> <span class='ocrx_word' id='word_1_207' title='bbox 140 3227 194 3271; x_wconf 88' lang='lat' dir='ltr'>DV</span> <span class='ocrx_word' id='word_1_208' title='bbox 228 3225 385 3286; x_wconf 67' lang='lat' dir='ltr'>nupturisl&#39;</span> <span class='ocrx_word' id='word_1_209' title='bbox 421 3226 469 3273; x_wconf 87' lang='lat' dir='ltr'>For</span> <span class='ocrx_word' id='word_1_210' title='bbox 472 3225 535 3288; x_wconf 82' lang='lat' dir='ltr'>fata</span> <span class='ocrx_word' id='word_1_211' title='bbox 545 3226 612 3275; x_wconf 86' lang='lat' dir='ltr'>Post.</span> <span class='ocrx_word' id='word_1_212' title='bbox 625 3224 688 3288; x_wconf 89' lang='lat' dir='ltr'>conj.</span> <span class='ocrx_word' id='word_1_213' title='bbox 692 3225 767 3289; x_wconf 83' lang='lat' dir='ltr'>facta</span> <span class='ocrx_word' id='word_1_214' title='bbox 809 3226 870 3274; x_wconf 82' lang='lat' dir='ltr'>mea’s</span> <span class='ocrx_word' id='word_1_215' title='bbox 885 3225 964 3276; x_wconf 82' lang='lat' dir='ltr'>Lach.</span> 
     </span>
     <span class='ocr_line' id='line_1_30' title="bbox 53 3289 427 3339; baseline 0 -1"><span class='ocrx_word' id='word_1_216' title='bbox 53 3306 87 3339; x_wconf 92' lang='lat' dir='ltr'>m.</span> <span class='ocrx_word' id='word_1_217' title='bbox 108 3289 166 3338; x_wconf 91' lang='lat' dir='ltr'>Bae.</span> <span class='ocrx_word' id='word_1_218' title='bbox 218 3290 328 3338; x_wconf 79' lang='lat' dir='ltr'>maliso</span> <span class='ocrx_word' id='word_1_219' title='bbox 342 3291 427 3339; x_wconf 81' lang='lat' dir='ltr'>Hertz.</span> 
     </span>
    </p>
   </div>
   <div class='ocr_carea' id='block_1_7' title="bbox 0 0 1118 3712">
    <p class='ocr_par' dir='ltr' id='par_1_9' title="bbox 0 0 1118 3712">
     <span class='ocr_line' id='line_1_31' title="bbox 0 0 1118 3712; baseline 0 0"><span class='ocrx_word' id='word_1_220' title='bbox 0 0 1118 3712; x_wconf 95' lang='lat' dir='ltr'> </span> 
     </span>
    </p>
   </div>
  </div>
 </body>
</html>
