2228 3712
85 159 126 222 86
292 166 566 235 PROPERTIUS‚
591 172 638 222 1v.
663 176 705 242 3.,
728 184 829 236 35·52·

164 336 202 395 Et
223 335 312 405 disco,
334 352 392 410 qua
412 343 493 409 parte
515 332 586 419 iiuat
606 333 768 392 vincendus
789 332 910 403 Araxes,
974 340 995 400 35

206 433 287 506 Quot
310 432 371 491 sine
393 450 470 508 aqua
491 431 614 490 Parthus
635 431 715 491 milia
736 442 835 491 currat
856 449 947 509 equus.

165 533 265 609 Cogor
286 542 314 590 et
335 550 352 589 e
373 531 472 589 tabula
491 531 586 607 pictos
606 530 734 590 ediscere
757 531 897 604 mundos

205 630 308 704 Qualis
329 639 358 688 et
379 630 450 688 haec
469 629 548 688 docti
569 630 605 688 sit
625 630 757 707 positura
777 630 834 703 dei,

165 730 250 802 Quae
271 730 355 787 tellus
377 730 412 787 sit
433 729 512 788 lenta
532 729 608 807 gelu,
630 747 706 805 quae
726 730 820 805 putris
841 731 881 789 ab
901 737 973 795 aestu,

204 829 318 887 Ventus
338 829 369 885 in
390 828 505 886 Italiam
526 829 577 905 qui
598 830 675 887 bene
695 828 761 887 vela
782 828 867 888 ferat.
980 838 1003 894 40

164 927 281 986 Assidet
302 945 362 985 una
383 945 474 999 soror,
495 929 571 986 curis
592 937 620 988 et
640 927 749 1004 pallida
771 930 873 988 nutrix
899 991 906 1016 ·

204 1026 318 1084 Peierat
338 1025 451 1084 hiberni
472 1019 619 1142 temporps
639 1045 703 1087 esse
723 1045 834 1087 moras.
897 1027 914 1066 ί

81 1202 202 1245 43—50.
224 1196 245 1244 O
262 1195 318 1243 that
335 1195 355 1242 I
366 1195 440 1243 could
453 1195 506 1244 bear
527 1211 597 1244 arms
613 1196 662 1244 like
678 1195 824 1260 ffi'pipohte,
840 1196 980 1262 andfolloo

164 1274 216 1322 thre
231 1289 289 1321 over
306 1259 545 1335 Scythia'isnows!
561 1290 593 1323 no
609 1275 661 1323 love
678 1290 726 1322 can
742 1276 827 1325 match
842 1277 886 1327 thr
900 1272 984 1337 lovers

163 1367 179 1400 a
190 1359 247 1400 trare
258 1351 358 1400 weddrd
366 1352 433 1416 wiso

163 1462 244 1520 Felix
266 1461 441 1538 Hippolyte!
470 1461 549 1520 nuda
570 1463 633 1521 tulit
654 1480 735 1521 arma
754 1464 877 1541 papilla,

203 1561 242 1618 Et
264 1561 335 1618 texit
356 1559 440 1636 galea
461 1562 586 1619 barbara
606 1561 695 1620 molle
716 1573 815 1639 caput.

66 1705 69 1711 .
164 1658 308 1718 Romanis
329 1659 441 1717 utinam
462 1659 621 1737 patuissent
642 1670 736 1719 castra
758 1663 884 1739 puellis!
990 1672 1015 1733 45

203 1759 308 1815 Essem
329 1758 446 1817 militiae
468 1759 581 1817 sarcina
602 1759 660 1817 fida
679 1770 755 1831 tuae,

163 1856 227 1915 Nec
241 1875 289 1914 me
303 1857 449 1915 tardarent
466 1856 598 1934 Scythiae
613 1860 689 1935 iuga,
704 1877 772 1918 cum
788 1859 880 1920 Pater
894 1862 964 1922 altas

205 1955 320 2014 Africus
340 1957 371 2013 in
392 1956 515 2032 glaciem
535 1957 642 2034 frigore
662 1959 751 2017 nectit
771 1977 877 2036 aquas,

52 2044 54 2048 ⁷
72 2120 75 2125 ,
164 2053 270 2113 Omnis
284 2073 367 2113 amor
381 2073 513 2132 magnus,
528 2057 581 2115 sed
595 2067 695 2133 aperto
709 2057 740 2114 in
753 2059 884 2135 coniuge
899 2061 994 2118 maior:

205 2153 292 2211 Hanc
314 2153 424 2225 Venus,
445 2164 476 2212 ut
497 2155 579 2227 vivat,
600 2156 718 2215 ventilat
738 2156 803 2233 ipsa
824 2156 931 2219 facem.
992 2170 1019 2231 50

83 2325 202 2370 ⁵1-ea.
225 2320 300 2368 What
316 2320 372 2384 help
382 2337 426 2370 ore
443 2337 484 2383 my
495 2323 600 2385 purplrs
614 2339 644 2372 or
654 2338 696 2385 my
706 2323 794 2386 genos?
811 2325 862 2373 All
877 2325 902 2374 is
917 2323 986 2375 dumi

163 2397 218 2445 ond
232 2397 300 2446 deod.
333 2400 445 2448 Iscorce
462 2406 530 2462 proy
549 2406 573 2448 to
592 2400 632 2450 the
654 2402 750 2450 Lares:
767 2403 787 2451 I
800 2401 865 2451 have
886 2404 933 2453 but
950 2417 986 2465 noy

167 2475 274 2523 Gloucis'
288 2476 353 2525 voice
369 2484 393 2524 lo
408 2477 510 2542 comfort
527 2494 571 2526 me.
605 2479 683 2544 syroe
697 2479 747 2528 owl
760 2495 811 2542 cry,
831 2481 909 2546 ifthe
925 2482 987 2545 lamp

163 2559 266 2616 spolier,
278 2554 298 2602 I
304 2554 413 2620 sacrifice
416 2555 465 2619 sor
474 2557 519 2619 thy
531 2563 628 2607 return.

164 2674 243 2732 Nam
264 2674 335 2732 rnihi
357 2694 416 2751 quo
438 2677 545 2738 Poenis
567 2679 591 2737 si
612 2698 739 2756 purpura
760 2679 873 2756 fulgeat
895 2683 985 2753 ostris,

207 2773 421 2853 Crystallusque
443 2796 524 2837 meas
546 2790 630 2838 ornet
651 2798 763 2856 aquosa
784 2784 918 2842 manus?

114 2966 160 3015 86.
182 2962 254 3025 Quod
268 2966 296 3010 N
324 2979 382 3027 equs
394 2967 429 3012 N.
497 2970 539 3019 37.
561 2968 638 3030 Cogor
649 2971 702 3016 No
734 2969 942 3022 ConorBroukh.
955 2971 1022 3020 Heu

81 3033 128 3079 48.
146 3029 288 3093 AJ'rr'cusO
345 3031 368 3077 Λ
392 3029 564 3081 ricusNPer.
619 3030 712 3098 Aprico
724 3035 810 3082 Hertz.
864 3037 946 3086 Aeris
956 3032 1022 3100 (Bel

82 3095 181 3149 Aeolus,
194 3096 283 3143 Arctoo
301 3092 364 3157 (Lac
384 3096 410 3152 .),
432 3096 551 3157 Tetricus,
568 3099 684 3148 Aetheris
701 3099 842 3162 (Mueller),
860 3103 980 3152 Arcta'cus
993 3098 1022 3161 (lt

83 3160 168 3225 Ellis),
181 3160 244 3209 have
256 3160 316 3209 been
328 3161 459 3223 proposed.
512 3166 553 3211 51.
571 3166 633 3212 teN
664 3166 748 3214 tibio
774 3165 799 3213 si
810 3165 944 3218 Heinsius.
976 3176 1022 3216 nm

83 3226 124 3289 (or
145 3230 194 3285 ter)
218 3224 296 3273 l‘alrn.
331 3226 400 3273 Nam
424 3226 491 3275 milri
506 3229 574 3291 quo?
601 3231 692 3279 Poenis
708 3231 757 3280 tibi
772 3230 851 3281 Lach.
871 3233 934 3286 Bae.
950 3228 1022 3283 nuel

82 3295 128 3341 52.
144 3292 249 3341 necasN
282 3294 375 3339 maso
388 3290 444 3340 Bae.
