2228 3712
79 190 100 250 6
334 194 555 263 -TJBULLUS,
578 201 601 251 1.
618 204 658 270 3.,
677 178 771 263 iau

163 356 277 419 Cuncta
298 359 407 418 dabant
428 354 551 418 reditus:
587 368 684 417 tamen
704 364 749 415 est
769 353 908 414 deterrita

282 476 434 534 nusquam,

204 555 285 628 Quin
305 556 387 615 fleret
408 564 522 615 nostras
542 554 755 631 respiceretque
775 552 848 613 vias,

62 672 63 675 ¹
163 655 230 732 Ipse
252 675 309 732 ego
330 655 445 726 solator,
465 671 533 712 cum
554 654 613 712 iam
633 652 773 711 mandata
793 652 951 724 dedissem,
987 662 1006 722 15

204 753 391 826 Quaerebam
411 753 508 811 tardas
530 751 632 810 anxius
653 769 745 828 usque
766 769 874 811 moras.

91 869 94 882 ·
163 854 224 911 Aut
245 872 300 928 ego
321 870 387 911 sum
408 860 541 910 causatus
559 869 628 909 aves
649 859 698 909 aut
719 849 821 910 omina
842 850 915 922 dira,

206 950 321 1009 Saturni
343 960 392 1009 aut
413 968 526 1008 sacram
546 967 595 1007 me
615 950 741 1008 tenuisse
763 948 851 1009 diem.
904 1012 909 1021 ,

165 1049 193 1108 Ο
215 1049 348 1127 quotiens
368 1050 514 1125 ingressus
534 1049 587 1106 iter
605 1048 676 1106 mihi
696 1047 786 1107 tristia
806 1046 870 1105 dixi

146 1210 151 1221 ,
206 1147 360 1207 Offensum
380 1146 411 1204 in
431 1156 515 1224 porta
536 1147 619 1224 signa
640 1146 753 1205 dedisse
774 1145 903 1223 pedem!
988 1160 1011 1201 u

165 1247 281 1306 Audeat
302 1246 391 1306 invito
412 1247 536 1324 nequis
556 1246 703 1307 discedere
724 1246 845 1316 Amore,

206 1345 265 1404 Aut
285 1345 356 1404 sciat
377 1364 526 1423 egressum
547 1364 578 1405 se
598 1345 770 1423 prohibente
791 1345 859 1405 deo.

36 1620 42 1631 ·
85 1603 204 1647 atr—³4.
228 1596 304 1645 What
314 1613 371 1645 now
386 1596 460 1645 avail
473 1611 519 1652 mc,
530 1595 615 1655 Delia,
626 1595 784 1658 thyprayers
799 1599 824 1643 to
840 1593 916 1644 Isis?
949 1592 984 1644 Ol

166 1674 222 1738 help
239 1690 284 1734 me,
305 1668 425 1724 Goddt'ss!
436 1680 517 1737 grant
533 1680 556 1722 to
572 1673 650 1722 Delia
666 1671 723 1720 that
737 1671 780 1720 she
795 1686 856 1732 may
865 1671 930 1736 duly
937 1678 985 1737 pay

167 1753 214 1802 her
223 1759 323 1801 vuasto
334 1752 393 1812 thre,
406 1751 481 1800 while
491 1752 512 1800 I
518 1751 547 1800 do
558 1751 656 1800 honour
666 1755 690 1799 to
701 1764 743 1812 my
753 1764 811 1798 oum
821 1750 941 1801 Penates.
1026 1748 1028 1773 ¹

169 1868 249 1941 Quid
262 1877 312 1925 tua
326 1885 406 1943 nunc
420 1867 474 1925 Isis
488 1865 568 1938 mihi,
583 1865 676 1937 Delia,
691 1864 762 1941 quid
776 1863 850 1922 mihi
863 1874 986 1942 prosunt

208 1967 262 2025 Illa
282 1976 333 2026 tua
353 1966 459 2025 totiens
480 1983 553 2043 aera
568 1963 683 2041 repulsa
703 1963 814 2049 mauu?

168 2067 265 2139 Nunc,
282 2066 344 2138 dea,
360 2082 439 2123 nunc
454 2082 588 2123 succurre
602 2062 673 2120 mihi
689 2064 771 2135 (nam
785 2078 875 2139 posse
888 2063 997 2124 mederi

209 2167 291 2225 Picta
312 2166 397 2224 docet
418 2165 533 2241 templis
554 2162 645 2222 multa
665 2161 770 2222 tabella
791 2162 873 2240 tuis),
997 2162 1022 2221 ul

169 2264 210 2324 Ut
230 2284 296 2324 mea
316 2265 427 2324 votivas
447 2263 614 2341 persolvens
635 2261 719 2320 Delia
739 2279 826 2353 voces
898 2254 901 2259 ’

210 2363 288 2422 Ante
309 2381 405 2422 sacras
426 2363 485 2422 lino
507 2371 582 2422 tecta
602 2361 680 2420 iores
702 2360 817 2434 sedeat3
998 2378 1027 2439 3ο

169 2462 277 2539 Bisque
298 2461 344 2520 die
364 2461 491 2521 resoluta
511 2478 612 2519 comas
633 2459 684 2518 tibi
705 2459 800 2517 dicere
820 2457 927 2522 laudes

211 2560 338 2636 Insignis
359 2561 444 2619 turba
466 2559 571 2618 debeat
591 2559 622 2617 in
643 2557 756 2617 Pharia.

170 2660 209 2718 At
230 2658 300 2716 mihi
321 2659 469 2735 contingat
490 2658 598 2735 patrios
620 2657 764 2716 celebrare
784 2667 909 2734 penates

212 2756 403 2832 Reddereque
423 2756 543 2833 antiquo
564 2765 711 2815 menstrua
732 2765 798 2814 tura
817 2753 896 2816 Lari

122 2967 162 3012 13.
181 2977 307 3026 nusquam
319 2963 372 3010 GV
404 2963 554 3025 uuquamA
582 2966 681 3009 rustras
693 2958 729 3007 (Ρ
757 2957 1028 3027 hauddcterritusm

88 3037 130 3079 tra
144 3036 179 3079 est
190 3033 219 3078 z.
298 3031 339 3076 14.
361 3026 431 3088 Quin
444 3025 536 3074 Aldine
552 3026 591 3074 ed.
606 3039 668 3088 150²
713 3025 778 3074 Cum
791 3027 815 3074 0
865 3024 896 3075 a'e

90 3096 180 3159 Haupt
218 3093 392 3157 respiceretque
409 3094 433 3141 0
468 3098 639 3156 magur
655 3095 684 3140 Ζ.
768 3095 809 3143 17.
825 3094 907 3139 autz
1012 3088 1028 3139 0

89 3161 175 3210 omina
187 3162 241 3208 AG
268 3160 393 3208 omniaV
420 3157 502 3206 omine
513 3157 568 3206 diro
581 3158 640 3206 Bae.
717 3161 760 3206 18.
779 3154 1028 3207 Satumisacrauu

90 3226 202 3275 Saturni
222 3231 269 3274 aut
290 3240 387 3273 sacram
412 3221 469 3271 (ΡΖ
509 3222 649 3271 Saturuive
671 3221 783 3281 Broukh,
806 3220 924 3284 Mueller,
951 3220 1028 3273 Hine

90 3295 130 3340 21.
148 3291 266 3356 nequisz
292 3289 400 3354 neuquis
411 3292 442 3339 0.
508 3290 552 3336 25.
570 3288 631 3336 dum
645 3291 670 3337 G
693 3288 766 3337 deum
779 3291 813 3336 A.
873 3290 921 3338 20.
944 3282 1028 3340 Utss

89 3360 150 3407 ctG
178 3359 279 3406 voccsO
310 3362 388 3405 noctes
399 3353 516 3420 Scaliger,
531 3354 591 3404 Bae.
663 3357 708 3404 34.
726 3353 807 3402 thura
824 3353 857 3400 0.
