2228 3712
130 169 149 214 2
248 146 250 153 '
388 158 602 228 murratum,
626 167 824 229 1.1.,15-34.

1051 254 1057 281 l

212 321 301 380 Flava
323 321 420 394 Ceres,
442 322 493 382 tibi
514 323 549 382 sit
569 333 670 384 nostro
691 322 728 384 de
749 343 817 383 rure
837 342 949 385 corona
1021 319 1062 399 ⁴15

257 420 371 497 Spicea,
388 439 463 498 quae
485 422 585 499 templi
605 422 732 500 pendeat
752 433 820 484 ante
840 422 937 502 fores:

212 519 404 596 Pomosisque
426 520 513 578 ruber
534 531 633 581 custos
654 531 781 598 ponatur
801 521 832 581 in
852 520 946 593 hortis

252 617 375 678 Terreat
394 628 426 677 ut
448 637 533 678 saeva
553 619 628 678 falce
649 620 773 698 Priapus
794 639 871 680 aves.

210 715 275 787 Vos
295 734 422 794 quoque,
439 717 528 777 felicis
550 719 710 795 quondam,
730 737 810 779 nunc
830 719 970 798 pauperIs
990 719 1045 797 agri

254 814 407 886 Custodes,
428 816 506 875 fertis
527 836 649 876 munera
669 828 773 890 vestra,
794 816 897 878 Lares.
1038 834 1065 876 ao

212 912 299 986 Tunc
315 913 401 972 vitula
422 915 591 974 innumeros
612 915 751 975 lustrabat
771 934 858 976 caesa
877 915 1032 977 iuvencos:

252 1011 341 1071 Nunc
362 1032 439 1089 agna
459 1013 556 1090 exigui
577 1022 621 1072 est
640 1013 736 1073 hostia
756 1033 846 1092 parva
866 1013 933 1075 soli.

210 1109 299 1186 Agna
320 1111 406 1170 cadet
426 1112 516 1183 vobis,
538 1129 628 1188 quam
648 1112 759 1172 circum
779 1113 886 1172 rustica
908 1114 1003 1191 pubes

253 1204 368 1269 Clamet
390 1209 435 1269 ‘io
456 1228 568 1270 messes
588 1220 617 1270 et
637 1211 718 1270 bona
737 1211 806 1270 vina
826 1210 913 1272 date.'

129 1396 249 1441 25-36.
266 1392 300 1440 So
314 1407 372 1454 may
386 1392 407 1441 I
417 1392 467 1442 live
482 1398 579 1473 contet(
594 1391 625 1455 by
635 1398 728 1441 stream
748 1392 805 1441 and
816 1391 901 1453 shade,
913 1392 1035 1458 thinking

211 1485 244 1518 no
259 1469 344 1519 rhama
360 1477 384 1519 to
400 1471 462 1520 tend
472 1486 514 1534 my
515 1470 593 1535 flock,
604 1470 659 1520 and
672 1471 819 1535 bmmurz‘ng
826 1471 902 1521 Pales
915 1470 1034 1532 forthet‘r

206 1550 276 1615 good.

212 1702 278 1760 Iam
298 1702 389 1762 modo
410 1703 470 1761 iam
490 1703 602 1779 possim
616 1714 777 1763 contentus
797 1686 893 1763 viuere
914 1723 1014 1782 parvo,
1042 1718 1069 1779 ¹5

252 1798 318 1860 Nec
338 1820 454 1878 semper
474 1801 581 1881 longae
603 1803 717 1862 deditus
737 1820 801 1862 esse
822 1802 894 1875 viae,

213 1898 271 1958 Sed
294 1899 384 1958 Canis
406 1901 530 1960 aestivos
551 1911 631 1961 ortus
654 1902 743 1960 vitare
765 1902 820 1960 sub
840 1901 948 1963 umbra

253 1998 374 2058 Arboris
395 1999 433 2057 ad
454 1999 535 2062 rivos,
551 1999 761 2076 praetereuntis
782 2017 887 2077 aquae.

212 2096 276 2157 Nec
298 2109 396 2157 tamen
417 2097 562 2156 interdum
584 2098 692 2175 pudeat
713 2097 842 2157 tenuisse
862 2098 1017 2160 bidentem

252 2195 312 2255 Aut
333 2196 450 2255 stimulo
473 2196 572 2255 tardos
592 2196 771 2272 increpuisse
792 2196 902 2269 boves3
1043 2214 1073 2274 3⁰

213 2293 284 2377 an
306 2313 450 2370 agnamve
472 2295 538 2352 sinu
558 2294 657 2371 pigeat
678 2293 806 2353 fetumve
828 2293 962 2370 capellae

254 2391 408 2451 Desertum
429 2393 519 2452 oblita
540 2402 633 2451 matre
654 2391 758 2451 referre
779 2391 912 2452 domurn.

213 2489 252 2549 At
273 2509 325 2549 vos
347 2491 454 2568 exiguo
475 2490 584 2568 pecori,
607 2489 743 2567 furesque
765 2488 893 2567 lupique,

253 2588 384 2649 Parcite:
414 2592 450 2650 de
471 2608 581 2667 magno
598 2599 642 2648 est
662 2587 771 2666 praeda
789 2587 916 2666 petenda
933 2608 1034 2671 grege.

162 2791 203 2837 15.
219 2787 289 2837 sito
308 2787 347 2853 fit
357 2786 420 2850 conj.
432 2788 576 2838 Lambinus.
653 2792 694 2840 17.
706 2789 858 2852 portaturo
887 2787 1002 2839 dmatur
1012 2789 1077 2840 Iasu-

129 2853 209 2913 binus,
222 2853 351 2903 Baehrens.
409 2858 451 2903 19.
455 2853 542 2917 felicis
552 2855 606 2903 GV
633 2853 720 2917 felices
729 2857 763 2904 A.
823 2856 868 2905 28.
879 2853 993 2905 cadero,
1028 2856 1077 2907 ure

128 2919 192 2981 conj.
204 2919 278 2968 cadit.
356 2921 400 2968 24.
421 2918 558 2968 ClamatV
594 2919 692 2969 Clamet
704 2923 736 2970 G.
816 2922 861 2968 25.
879 2919 1077 2971 [ammodot'u

58 2984 63 2993 ’
124 2985 218 3048 possim
228 2984 291 3034 Fris.
324 2984 382 3032 Iam
394 2985 461 3033 inodo
470 3000 520 3033 non
526 2988 663 3048 pessumo
696 2985 792 3049 Quippe
800 3000 841 3048 egr
853 2984 907 3032 iam
913 2991 1021 3048 pomam
1031 2988 1077 3037 Par.

128 3051 186 3099 Iam
198 3050 265 3099 milri
276 3050 329 3098 iam
340 3050 435 3113 possim
446 3049 553 3098 Mueller
586 3052 645 3099 Iam
661 3050 729 3099 modo
747 3051 800 3099 iam
812 3056 915 3114 possum
935 3050 997 3115 Guy
1028 3052 1078 3103 Iu

129 3116 197 3165 nmdo
211 3116 236 3164 si
247 3121 347 3178 possum
365 3115 442 3165 Lach.
476 3116 566 3165 Dissen
584 3114 649 3178 conj.
664 3116 723 3164 Iam
740 3116 831 3165 modico
838 3121 942 3179 possum
958 3122 1080 3169 contentu

127 3182 212 3230 vzbcre
229 3181 257 3229 in
275 3196 342 3244 agro.
443 3185 486 3230 28.
505 3181 574 3230 rivos
592 3183 616 3230 0
650 3181 738 3230 aivum
759 3182 885 3230 Burmann
925 3182 1012 3233 rivom
1027 3184 1079 3233 Bu

128 3249 173 3297 29.
191 3246 311 3295 bidentem
330 3250 355 3295 G
373 3248 427 3296 Par.
461 3246 568 3296 bidentes
583 3250 610 3294 V
644 3246 755 3296 ludentes
771 3249 806 3296 A.
881 3248 925 3296 82.
943 3247 1080 3301 donum.

128 3315 173 3363 34.
191 3316 260 3362 esto
295 3328 344 3362 om.
357 3313 390 3376 by
402 3312 465 3363 Fris.
