2228 3712
357 661 865 765 PROPERTIUS‚
907 662 947 747 1.
980 664 1021 747 8.
1056 776 1059 781 Ι

247 927 326 970 1-8.
348 919 444 969 What?
470 926 515 969 art
530 919 591 969 thou
608 918 698 968 indeed
711 917 788 981 ready
802 923 831 967 'to
842 916 904 981 give
920 916 996 969 thim
1012 916 1109 971 beante

293 997 418 1047 another?
439 997 495 1047 and
508 1004 533 1046 to
548 996 675 1060 bravefor
685 995 726 1046 his
741 995 799 1046 sake
812 994 854 1046 the
864 994 948 1060 peril!
962 996 1046 1061 ofthe
1054 996 1108 1061 deep,

294 1076 349 1125 and
357 1075 398 1125 tlte
402 1076 484 1141 srosts
494 1075 527 1139 of
531 1073 688 1124 Dalmatia?

275 1192 381 1253 ‘Tuur
402 1193 490 1269 igitur
503 1191 634 1261 demenS,
655 1210 710 1251 nec
731 1202 760 1250 te
781 1209 849 1251 mea
869 1208 941 1251 cura
962 1192 1105 1255 moratu?

334 1291 384 1349 An
404 1290 456 1349 tibi
477 1308 542 1349 sum
563 1288 659 1365 gelida
680 1288 762 1348 vilior
782 1288 889 1366 Illyria,

294 1389 332 1448 Et
353 1389 404 1447 tibi
425 1389 483 1448 iam
504 1387 585 1459 tanti,
606 1387 785 1464 quicumque
806 1397 859 1459 est,
881 1388 937 1447 iste
956 1388 1077 1461 videtur,

335 1486 377 1546 Ut
397 1487 459 1547 sine
480 1505 528 1546 me
549 1496 636 1545 vento
658 1486 788 1563 quolibet
808 1485 850 1545 ire
871 1484 966 1545 velis?

295 1584 383 1644 Tune
405 1586 503 1644 audire
524 1595 607 1662 potes
628 1584 727 1643 vesani
747 1601 899 1643 murmura
919 1585 1027 1661 ponti?

336 1682 430 1743 Fortis
451 1695 479 1743 et
500 1684 531 1741 in
552 1683 626 1743 dura
646 1701 720 1742 nave
740 1682 834 1743 iacere
855 1684 964 1760 potes?

295 1781 345 1842 Tu
365 1782 489 1860 pedibus
510 1782 617 1841 teneris
638 1781 749 1858 positas
769 1780 873 1841 fiulcire
892 1780 1025 1858 pruinas,

336 1880 385 1940 Tu
405 1890 491 1957 potes
512 1879 649 1953 insolitas,
668 1879 803 1957 Cynthia,
823 1878 897 1939 serre
918 1880 1026 1940 nives?

230 2088 329 2131 0-10.
345 2082 420 2146 long
428 2082 478 2131 last
488 2082 528 2133 tlte
544 2081 641 2145 wintey
652 2078 759 2130 stonns!
791 2078 857 2142 May
866 2093 900 2131 no
915 2078 951 2129 ill
958 2078 1041 2131 brem
1054 2076 1111 2129 an'se

295 2167 319 2209 to
330 2160 395 2225 wast
404 2161 457 2209 thee
461 2160 534 2225 from
546 2159 610 2209 these
620 2155 722 2208 shores!

296 2278 325 2338 Ο
345 2279 457 2336 utinam
478 2278 615 2339 hibernae
636 2275 820 2353 duplicentur
842 2284 978 2352 tempora
997 2276 1108 2337 brumae

336 2375 375 2434 Et
397 2377 433 2434 sit
453 2377 531 2436 iners
551 2376 642 2436 tardis
662 2375 760 2434 navita
781 2372 936 2450 Vergiliisi

296 2474 360 2533 Nec
382 2475 434 2532 tibi
456 2475 612 2551 Tyrrhena
632 2473 759 2533 solvatur
779 2471 856 2532 funis
877 2490 978 2545 arena,

336 2571 418 2631 Neve
440 2573 558 2632 inimica
579 2591 661 2632 meas
682 2572 772 2630 elevet
794 2589 865 2630 aura
884 2570 1008 2648 preces!
1030 2588 1034 2595 ’

295 2669 394 2748 Atque
415 2689 471 2747 ego
493 2691 555 2731 non
575 2671 690 2731 videam
710 2669 782 2729 tales
803 2668 954 2729 subsidere
974 2676 1085 2741 ventos,

338 2768 414 2828 Cum
435 2769 488 2826 tibi
509 2779 662 2846 provectas
683 2767 792 2828 auferet
812 2767 892 2826 unda
912 2776 1000 2839 rates,

246 2983 273 3029 6.
291 2994 364 3027 mane
380 2981 441 3029 Au.
514 2984 539 3032 7.
548 2978 649 3042 fulcire
660 2982 714 3027 ΝΟ
732 2979 786 3028 Per.
799 2978 886 3027 Hertz.
932 2977 1033 3027 sulcare
1048 2972 1109 3025 old

215 3045 321 3106 Palmer,
331 3043 390 3093 who
402 3044 516 3092 however
523 3051 635 3107 suggests
643 3060 713 3092 nunc
722 3044 760 3093 ire
762 3043 877 3107 pruinas
887 3058 894 3094 t
912 3040 944 3093 cf.
954 3056 977 3091 2.
986 3054 1026 3105 30.
1037 3054 1076 3107 19.
1096 3045 1104 3080 t

215 3110 278 3225 (1κίιέἑ
291 3126 331 3158 are
347 3110 456 3223 cagara
460 3116 536 3172 super
552 3110 726 3222 ischsupaerare
738 3108 851 3223 prssngs
867 3111 928 3223 1}ng
956 3104 1114 3224 Amian-

215 3257 266 3293 non
279 3191 359 3291 §gia
368 3240 421 3290 iam
433 3190 588 3291 Bas-algo&
597 3189 721 3292 ἒιῗὲῗνῖἳ
734 3189 860 3290 Graeiiug
867 3237 932 3303 conj.
943 3190 1050 3290 tali‘sub
1086 3261 1107 3275 1<
