2228 3712
262 147 536 218 PROPERTIUS,
559 155 598 207 II.
624 141 685 222 28„
710 169 787 220 1-14.
955 161 999 231 55

127 313 186 373 Sed
208 313 313 372 frustra
334 324 432 374 mutos
454 316 612 388 revocabis,
635 315 769 394 Cynthia,
791 337 912 380 manes:

167 412 246 472 Nam
268 431 336 471 mea
356 414 406 491 qui
428 424 565 490 poterunt
586 433 654 474 ossa
673 417 785 476 minuta
806 419 907 495 loqui?

463 686 509 749 II.
527 684 577 751 28.

74 829 157 873 1—8.
176 822 216 872 0!
236 828 308 886 sparo
328 837 370 884 my
384 821 447 887 sair
467 838 520 883 one,
536 822 652 888 Jupiter,
667 825 752 873 struck
770 825 843 874 down
860 825 890 889 by
906 827 946 877 tlte

125 902 219 964 raging
224 901 352 963 Dogotor,
362 915 393 948 or
396 900 540 964 permoneo,
550 901 573 948 it
580 916 638 963 moy
646 901 680 962 be,
684 902 733 966 sor
739 918 806 952 votos
806 902 945 966 forsooorn.

70 1055 72 1058 ψ
123 1015 263 1091 Iuppiter,
284 1013 403 1072 affectae
424 1013 546 1072 tandem
566 1015 702 1074 miserere
723 1015 852 1092 puellae:

163 1112 243 1170 Tam
264 1110 391 1170 formosa
411 1121 494 1169 tuum
514 1122 628 1170 mortua
649 1113 760 1171 crimen
781 1115 842 1173 erit.

122 1210 212 1268 Venit
233 1210 311 1268 enim
333 1218 455 1285 tempus,
478 1227 537 1285 quo
558 1209 682 1268 torridus
703 1221 814 1269 aestuat
834 1230 892 1281 aer,

162 1309 269 1384 Incipit
288 1318 317 1366 et
338 1308 416 1366 sicco
437 1307 544 1366 fervere
565 1319 640 1366 terra
661 1307 751 1367 Cane.

121 1407 181 1466 Sed
212 1425 272 1465 non
297 1416 358 1464 tarn
388 1406 499 1464 ardoris
527 1406 613 1482 culpa
637 1417 682 1464 est
707 1425 803 1485 neque
830 1407 951 1467 crimina

242 1504 322 1576 caeli,
972 1523 989 1583 5

162 1603 262 1675 Quam
282 1603 389 1661 totiens
411 1613 527 1662 sanctos
548 1621 609 1661 non
630 1601 766 1663 habuisse
787 1603 867 1663 deos

118 1702 188 1761 Hoc
210 1702 304 1779 perdit
324 1702 454 1772 miseras,
475 1701 533 1761 hoe
553 1702 677 1778 perdidit
698 1714 764 1762 ante
785 1703 913 1780 puellas:

161 1799 313 1878 Quidquid
333 1801 470 1866 iurarunt,
491 1811 594 1859 ventus
614 1810 643 1859 et
663 1801 742 1860 unda
763 1802 846 1879 rapit.
930 1860 932 1864 Α
957 1833 962 1842 ·

70 1988 152 2032 -14.
170 1981 240 2030 Has!
249 1983 309 2030 thou
318 1981 415 2030 boasted
424 1981 520 2046 thysclf
524 1989 548 2030 to
566 1981 665 2030 Wnus?
681 1982 738 2030 host
747 1981 808 2030 thou
817 1981 905 2047 scoffed
913 1989 941 2031 at
990 1986 995 1993 “

108 2061 185 2126 Juno
195 2075 225 2108 or
236 2066 264 2108 at
273 2059 383 2240 1)ῗωῖ
418 2059 457 2107 Ill
464 2059 546 2108 words
557 2059 620 2108 hooc
630 2074 675 2122 oye
685 2059 807 2124 bconfair
819 2059 940 2110 maotim’s

113 2138 184 2187 ram.
240 2117 286 2197 A.
326 2108 617 2221 „astatssmopp
638 2124 791 2243 prag

114 2237 195 2296 Num
219 2237 273 2296 sibi
294 2237 430 2296 collatam
452 2236 543 2296 doluit
558 2236 660 2295 Venus
683 2235 732 2294 illa
752 2240 931 2315 paremque?

156 2337 230 2396 Prae
251 2354 282 2395 se
304 2336 438 2395 formosis
459 2335 602 2394 invidiosa
622 2334 678 2393 dea
698 2345 749 2394 est.
949 2354 985 2394 10

114 2437 162 2494 An
179 2443 349 2511 contempta
370 2434 421 2492 tibi
442 2434 563 2492 iunonis
584 2433 694 2510 templa
714 2432 861 2511 Pelasgae,

154 2533 280 2593 Palladis
301 2543 351 2592 aut
371 2532 472 2591 oculos
493 2550 565 2589 ausa
585 2549 693 2608 negare
714 2533 831 2591 bonos?

115 2633 244 2710 Semper,
264 2631 420 2701 formosae,
442 2649 505 2689 non
527 2631 617 2689 nostis
637 2648 756 2706 parcere
777 2632 889 2690 verbis:

152 2732 212 2790 Hic
234 2731 285 2789 tibi
306 2729 405 2805 lingua
426 2747 546 2800 nocens,
568 2728 625 2787 hoc
646 2729 698 2787 tibi
719 2729 813 2788 iorma
833 2730 919 2789 dedit.

70 2911 106 2956 58.
125 2906 172 2970 qui
182 2909 211 2954 N
222 2905 303 2954 Palm.
337 2905 402 2969 quid
410 2904 446 2952 all
458 2903 529 2953 other
541 2902 613 2953 MSS.
625 2902 675 2952 and
686 2903 743 2952 edd.

70 2977 86 3021 t.
105 2971 261 3020 iurorcmN
305 2971 414 3019 iuratur
424 2970 477 3019 Per.
544 2973 571 3018 9.
589 2971 662 3019 Num
674 2972 725 3017 DF
770 2968 871 3017 Nonii
914 2968 981 3018 Nun

70 3054 111 3088 ers
150 3037 263 3087 illarto
307 3037 395 3099 ipsoz
433 3040 556 3099 peraeque
566 3051 595 3084 or
599 3034 844 3099 peraequooNHb.
879 3040 980 3098 parem·

70 3105 138 3152 'FG
183 3109 302 3167 peraegre
313 3103 366 3150 Per.
411 3101 466 3165 ipso
472 3108 609 3164 paremque
620 3100 703 3163 Paley,
717 3100 774 3149 Bae.
786 3099 864 3148 Muel.
914 3099 981 3148 illo?

70 3166 598 3298 tat.tt¹53i.tti.i,t¹.tth⁰it⁰tzi
608 3166 732 3281 diff*
747 3170 980 3280 ttt'ttt'tt

135 3302 177 3349 12.
194 3299 304 3349 Pallidis
314 3301 350 3347 N.
