2228 3712
83 200 144 247 102
285 186 561 269 rnoponrrun
576 183 632 241 ru.
659 195 721 253 11.‚
746 202 851 255 73-90.

81 380 202 428 'Ia-⁷8.
220 375 285 424 And
302 388 363 424 now
373 374 394 423 I
408 373 537 423 commend
551 380 576 423 to
594 373 649 423 thee
664 388 715 421 our
729 386 809 421 sons:
820 373 887 437 play
901 371 955 434 tlon
967 384 980 417 a

164 452 279 503 ntother’s
284 460 349 517 part
358 460 383 502 to
393 452 468 513 them,
480 451 535 501 and
542 452 594 501 add
602 467 645 514 my
655 451 733 501 bisses
743 458 769 501 to
779 452 857 501 thim
866 466 930 501 m.

164 556 252 614 Nunc
274 556 325 613 tibi
347 554 525 614 commendo
545 554 717 613 communia
737 554 871 631 pignora
889 562 977 611 natos:

205 654 289 712 Haec
311 672 380 712 cura
401 663 430 711 et
451 653 540 711 cineri
562 652 650 729 spirat
670 652 768 710 inusta
788 670 874 711 meu.

165 752 299 827 Fungere
320 751 459 809 maternis
480 751 599 822 vicibus,
620 761 719 827 pater:
744 750 795 809 illa
817 766 949 809 meorum
986 758 1010 817 75

205 850 312 911 Omnis
333 851 386 909 erit
407 850 483 909 collo
504 851 590 908 turba
610 848 732 909 ferenda
752 859 818 909 tuo.
914 894 918 899 -

165 948 275 1009 Oscula
296 967 362 1008 cum
385 948 499 1007 dederis
519 959 569 1006 tua
590 947 736 1019 flentibus
757 947 845 1007 adice
866 934 971 1006 matris:

204 1049 285 1106 Tota
306 1047 414 1106 domus
436 1047 532 1123 coepit
553 1065 631 1105 nune
653 1063 729 1105 onus
750 1065 818 1106 esse
840 1057 929 1105 tuum.

84 1237 203 1284 'ro-84.
222 1232 270 1280 Let
280 1230 347 1279 them
358 1245 394 1279 see
401 1246 434 1279 no
444 1236 510 1279 tears
520 1237 587 1293 upon
595 1229 641 1292 thy
647 1228 738 1289 cheek;
754 1230 854 1293 enough
865 1230 921 1279 tha!
928 1226 978 1276 tm

161 1309 248 1373 grievc
256 1309 304 1372 sor
318 1324 357 1357 nze
373 1308 403 1370 by
419 1307 501 1371 night,
518 1308 573 1356 aud
585 1306 659 1372 spcak
674 1314 699 1357 to
714 1306 785 1357 mine
800 1306 885 1372 image
901 1307 929 1355 in
942 1304 983 1375 thy·

165 1387 287 1436 chambo,

164 1496 203 1554 Et
224 1497 247 1553 si
270 1495 339 1572 quid
362 1494 503 1554 doliturus
524 1495 589 1566 eris,
610 1494 673 1552 sine
694 1494 818 1553 testibus
839 1494 911 1554 illis:

206 1595 283 1654 Cum
305 1595 429 1665 venient,
450 1595 533 1653 siccis
554 1593 654 1653 oscula
673 1592 740 1651 falle
761 1592 856 1669 genis,
981 1588 1007 1645 8⁰

167 1693 218 1752 Sat
239 1695 289 1751 tibi
311 1695 367 1752 sint
389 1705 498 1764 noctes
521 1711 594 1771 quas
615 1692 650 1750 de
675 1709 732 1763 me,
753 1690 856 1763 Paule,
877 1691 974 1767 fatiges,

209 1787 389 1865 Somniaque
411 1789 442 1845 in
463 1787 568 1846 faciem
590 1786 698 1846 credita
719 1804 808 1862 saepe
829 1804 942 1857 meam3

165 1888 263 1964 Atque
284 1888 334 1945 ubi
357 1897 468 1945 secreto
488 1896 589 1945 nostra
610 1886 647 1944 ad
668 1882 970 1962 simulacra'loqueris,

207 1982 248 2041 Ut
269 1999 461 2058 responsurae
483 1980 597 2057 singula
616 1981 705 2038 verba
725 1980 799 2038 iace.

84 2160 205 2204 85—00.
223 2153 256 2216 If
261 2153 301 2201 tlte
312 2150 384 2200 couclr
396 2150 422 2199 be
439 2158 532 2199 stream
541 2150 590 2215 for
604 2150 710 2199 arwtker
724 2149 793 2214 ruffe,
804 2166 847 2213 my
857 2165 920 2211 sores,
930 2142 978 2197 ίαν

166 2231 229 2280 with
242 2231 288 2279 lrcr
295 2245 307 2289 ;
323 2228 416 2277 subdue
427 2229 474 2277 her
487 2229 539 2277 love
554 2229 584 2291 by
591 2229 728 2292 gentleness
736 2241 746 2275 .·
762 2244 812 2277 nor
822 2229 913 2294 praise
921 2240 979 2291 your

165 2309 261 2358 mother
269 2324 328 2356 over
337 2307 419 2357 much.

168 2420 226 2478 Seu
247 2428 345 2476 tamen
367 2419 520 2476 adversum
540 2417 656 2475 mutarit
677 2416 763 2474 ianua
784 2416 902 2488 lectum,
985 2410 1012 2481 85

209 2516 322 2576 Sederit
343 2527 372 2575 et
393 2526 494 2574 nostro
515 2527 600 2574 cauta
620 2534 744 2574 noverca
765 2525 841 2588 t0r03

167 2614 355 2689 Coniugium,
377 2615 468 2690 pueri,
490 2613 604 2672 laudate
625 2624 654 2673 et
675 2613 745 2672 ferte
766 2624 937 2690 paternum:

208 2712 303 2789 Capta
325 2712 405 2770 dabit
426 2712 526 2770 vestris
546 2713 676 2770 moribus
696 2711 745 2769 illa
765 2730 881 2772 manus,

168 2810 231 2870 Nec
252 2820 376 2869 matrem
396 2810 512 2869 laudate
534 2811 636 2869 nimis:
666 2809 783 2868 conlata
802 2811 893 2887 priori

207 2909 309 2968 Vertet
330 2909 359 2965 in
381 2908 509 2967 offensas
529 2909 619 2967 libera
639 2908 727 2966 verba
747 2926 824 2967 suas.
991 2920 1015 2981 9<

303 3044 432 3052 ———

118 3114 163 3163 76.
173 3108 320 3174 fermdaO
359 3108 453 3157 ovenda
464 3107 578 3167 Mueller,
591 3109 649 3157 Bae.
700 3113 743 3160 7⁷.
761 3108 887 3157 mamsz
917 3106 1015 3158 amerii

86 3180 130 3229 ⁷9.
148 3176 213 3240 quid
222 3175 356 3225 owed.
385 3174 478 3237 quisO
511 3174 659 3223 eriszedd.
693 3174 815 3222 m'tno.
888 3180 932 3225 81.
947 3174 1014 3224 sinti

84 3249 146 3290 sunt
157 3245 190 3290 0.
249 3245 294 3291 84.
312 3241 395 3289 iacez
428 3246 479 3288 tace
491 3243 553 3289 ΝΟ.
612 3244 658 3289 86.
676 3239 823 3288 thoroPN.
886 3245 933 3295 87.
945 3242 1014 3307 placo

77 3305 148 3369 ferte
161 3307 275 3357 Mueller.
342 3311 388 3357 89.
406 3308 504 3355 conlata
521 3309 549 3353 N
582 3306 670 3355 collata
679 3308 712 3355 0.
