2228 3712
236 176 584 246 PROPERTJUS,1V.
608 187 755 253 3·‚1-³4·
932 171 974 254 85

51 399 140 442 -22,
164 390 234 439 Thou
250 395 293 439 art
309 405 366 438 now
374 389 445 454 four¹
446 404 524 452 years
540 405 629 452 away:
641 390 732 454 perislr
748 391 778 440 ke
795 391 852 441 that
859 390 925 456 first

87 469 229 536 foshioned
237 475 299 517 trees
310 467 364 517 into
369 467 504 531 palisadec
512 468 663 533 andsorged
670 469 712 518 tlte
721 475 809 534 trump
818 470 926 534 ey'war!

95 599 135 657 Et
158 595 259 672 Stygio
281 613 347 653 sum
368 613 469 672 sparsa
489 593 564 666 lacu,
586 612 641 652 nec
662 605 741 654 recta
762 595 875 672 capillis
936 614 972 672 15

138 695 220 753 Vitta
242 694 309 753 data
330 703 383 764 est,
405 695 490 770 nupsi
512 710 573 752 non
595 693 754 752 comitante
776 694 842 754 dc0.

97 794 244 854 Omnibus
264 792 323 850 heu
343 791 436 868 portis
456 792 587 868 pendent
608 809 675 850 mea
696 792 786 851 noxia
806 802 890 852 vota:

139 892 263 950 Texitur
284 890 358 949 haec
379 891 479 950 castris
501 900 606 967 quarta
626 889 743 950 lacerna
764 891 829 950 tuis.

96 991 231 1061 Occidat,
252 988 386 1048 inmerito
408 989 459 1066 qui
479 988 584 1065 carpsit
606 990 644 1046 ab
665 975 769 1048 arbore
791 991 907 1061 vallum,

138 1089 177 1146 Et
197 1089 301 1146 struxit
322 1087 458 1164 querulas
478 1104 566 1146 rauca
586 1106 639 1163 per
660 1105 727 1146 ossa
748 1090 842 1160 tubas,
935 1107 973 1146 20

95 1187 223 1264 Dignior
245 1186 366 1263 obliquo
387 1186 488 1244 funem
505 1186 561 1263 qui
582 1195 718 1261 torqueat
739 1185 834 1257 Ocno,

137 1287 341 1361 Aeternusque
362 1295 443 1344 tuam
465 1294 573 1362 pascat,
595 1266 692 1356 aselle,
714 1285 834 1343 famem.

50 1505 137 1546 r-28.
155 1499 207 1546 Art
217 1497 278 1545 thou
289 1511 361 1544 worn
371 1495 428 1544 and
436 1496 548 1546 wasted?
580 1497 672 1561 Ipray
684 1496 706 1544 it
717 1512 775 1558 moy
786 1495 865 1561 besor
874 1496 926 1544 looe

97 1575 129 1640 os
134 1591 172 1624 me
179 1575 190 1624 !

97 1702 154 1761 Dic
176 1701 255 1773 mihi,
277 1719 349 1757 num
370 1710 486 1758 teneros
507 1700 562 1758 urit
584 1699 675 1759 lorica
697 1699 839 1760 lacertos?

139 1800 220 1859 Num
241 1800 336 1877 gravis
358 1795 492 1857 imbelles
513 1799 609 1857 atterit
630 1798 714 1857 hasta
735 1801 861 1857 manus?

97 1900 211 1959 Diceris
232 1907 260 1957 et
282 1898 376 1956 macic
398 1896 509 1954 vultum
530 1906 684 1956 tenuasse:
711 1897 763 1956 sed
783 1907 864 1973 opto,
935 1911 971 1970 27

138 1999 165 2056 E
188 1997 332 2063 desiderio
354 1997 389 2054 sit
411 1996 492 2055 color
513 1996 566 2055 iste
588 2014 665 2056 meo,

50 2206 138 2249 r-42,
161 2197 241 2247 When
258 2197 332 2261 night
347 2213 430 2258 comes,
442 2199 462 2247 I
472 2198 523 2246 kiss
540 2197 585 2260 thy
595 2213 672 2257 arms,
687 2197 708 2244 I
718 2202 765 2245 toss
781 2195 876 2245 restless
892 2212 924 2245 on

100 2293 142 2340 my
153 2276 211 2325 bed:
231 2278 251 2325 I
258 2277 306 2340 ply
322 2292 364 2339 my
381 2276 475 2325 winter
491 2275 554 2336 task,
567 2292 596 2324 or
612 2275 684 2323 leorn
701 2274 783 2323 where
790 2273 868 2338 stows
884 2273 924 2323 the

99 2357 208 2414 Araxes,
221 2355 291 2404 what
302 2361 376 2419 parts
393 2370 437 2404 are
453 2353 566 2403 scorclted
577 2353 641 2402 with
657 2353 755 2402 lerator
765 2353 846 2402 numb
860 2352 924 2401 wite

99 2433 159 2490 cold,
171 2433 242 2482 what
252 2433 326 2481 wind
334 2432 393 2481 will
402 2433 466 2497 wast
475 2432 528 2480 thee
539 2431 598 2479 back
609 2438 633 2479 to
644 2431 720 2494 Italy.

97 2538 138 2617 At
159 2558 231 2616 mihi
253 2577 320 2617 cum
341 2568 443 2617 noctes
464 2557 578 2615 induxit
596 2556 710 2634 Vesper
730 2575 853 2629 amaras

145 2657 176 2716 Si
197 2676 256 2735 qua
277 2656 375 2715 relicta
395 2657 499 2727 iacent,
520 2656 638 2716 osculor
659 2675 740 2716 arma
760 2667 818 2716 tua.
934 2677 972 2734 30

98 2757 180 2816 Tum
201 2774 307 2833 queror
327 2756 359 2812 in
379 2765 442 2814 toto
462 2772 525 2813 non
546 2755 639 2814 sidere
660 2755 749 2831 pallia
770 2755 855 2828 lectu,

140 2855 229 2913 Lucis
250 2865 278 2913 et
300 2864 433 2912 auctores
454 2870 516 2912 non
537 2853 606 2912 dare
627 2872 746 2913 carmen
767 2872 841 2913 aves

97 2953 241 3013 Noctibus
262 2952 392 3017 hibernis
414 2953 571 3014 castrensia
591 2970 683 3028 pensa
704 2952 806 3011 laboro

139 3053 178 3111 Et
200 3051 290 3129 Tyria
310 3052 341 3109 in
362 3051 460 3110 radios
481 3050 586 3109 vellera
607 3061 686 3110 secta
708 3068 784 3109 suos

50 3249 92 3295 16.
117 3244 226 3292 VittaN
275 3244 335 3291 Vita
348 3245 380 3291 0.
486 3244 531 3290 23.
548 3241 609 3290 dum
621 3245 674 3290 ΝΟ
716 3255 780 3288 num
791 3241 825 3287 V.
925 3240 970 3288 ³4.

50 3311 175 3360 :diosNo
187 3309 240 3358 Per.
273 3308 398 3357 radiosz.
991 3312 996 3321 ·
