2228 3712
84 209 127 279 50
204 200 479 267 recrearem,
502 206 540 256 11.
567 202 742 272 10.,13-26.
769 205 911 271 11.‚1-6.

166 365 231 423 lam
251 375 338 442 negat
358 365 522 442 Euphrates
542 366 671 442 equitem
691 374 759 441 post
779 375 862 442 terga
880 362 945 426 tueri

206 462 387 536 Parthorum,
409 472 437 522 et
458 464 581 523 Crassos
603 481 634 522 se
655 464 784 523 tenuisse
807 464 901 532 dolet:

165 562 250 620 India
270 562 349 638 quin,
370 562 511 639 Auguste,
532 572 585 622 tuo
605 561 656 621 dat
675 561 751 620 colla
771 561 926 640 triumpho,
977 574 997 634 15

205 659 243 718 Et
264 661 369 721 domus
389 661 514 720 intactae
536 672 564 720 te
585 660 680 719 tremit
700 659 848 720 Arabiae:

162 757 201 816 Et
222 760 245 817 si
267 778 326 836 qua
347 760 482 820 extremis
503 759 586 818 tellus
608 777 639 817 se
661 759 804 819 subtrahit
826 761 892 832 oris,

207 856 317 916 Sentiat
338 859 386 917 illa
405 870 469 917 tuas
491 869 558 935 post
578 857 670 918 modo
691 867 778 935 capta
798 843 914 919 manus.

84 1024 203 1069 10—20.
228 1018 332 1067 Thisbe
348 1034 390 1082 my
406 1018 476 1067 task:
493 1019 548 1066 and
561 1018 643 1083 ifmy
659 1018 760 1068 knmbIe
776 1019 855 1069 Muse
872 1035 930 1083 may
944 1025 979 1069 not

163 1096 220 1145 deck
233 1097 336 1145 Coesarb
346 1097 433 1157 brows,
445 1097 468 1145 e't
478 1112 537 1159 may
547 1102 599 1145 cast
609 1112 625 1144 a
635 1096 732 1160 chaplct
741 1096 822 1161 before
833 1096 939 1162 lte'sfeet.

164 1209 249 1268 Haec
263 1227 320 1285 ego
334 1219 429 1268 castra
443 1227 564 1286 sequar:
588 1218 667 1268 vates
680 1218 730 1267 tua
744 1219 842 1269 castra
858 1210 985 1271 canendo

206 1307 335 1385 Magnus
356 1326 423 1367 ero:
448 1318 560 1368 servent
580 1308 660 1367 hunc
682 1308 754 1367 mihi
775 1308 837 1368 fata
860 1309 954 1369 diem!
990 1325 1015 1366 ao

162 1405 205 1465 Ut
226 1417 313 1483 caput
333 1407 363 1464 in
384 1408 499 1483 magnis
519 1407 570 1464 ubi
592 1425 655 1466 non
675 1417 719 1466 est
739 1416 862 1484 tangere
884 1409 978 1487 signis

203 1504 323 1565 Ponitur
343 1505 391 1564 hic
411 1506 486 1565 imos
507 1516 575 1564 ante
595 1524 706 1566 corona
726 1505 827 1583 pedes,

163 1604 210 1664 Sic
231 1623 286 1664 nos
306 1623 393 1676 nune,
414 1605 517 1682 inopes
538 1606 632 1664 laudis
653 1606 855 1667 conscendere
877 1626 997 1679 carmen,

203 1700 383 1778 Pauperibus
404 1703 493 1761 saeris
514 1703 580 1760 vilia
601 1713 666 1762 tura
686 1702 800 1762 damus.

162 1799 305 1859 Nondum
336 1801 424 1859 etiam
456 1801 601 1860 Ascraeos
633 1810 741 1861 norunt
767 1819 837 1861 mea
866 1804 992 1863 carmina

286 1899 388 1971 fontes,
994 1913 1021 1974 ²5

204 1998 263 2059 Sed
285 1998 374 2059 modo
395 1997 539 2056 Permessi
560 1997 681 2057 flumine
701 1997 769 2056 lavit
790 1998 897 2061 Amor.

502 2245 547 2309 II.
568 2265 616 2312 11.

115 2391 194 2435 1—0.
214 2386 261 2434 Let
276 2385 357 2434 others
372 2385 433 2448 sing
446 2384 478 2449 of
487 2385 548 2445 thee,
564 2385 682 2448 Cynthia,
695 2400 726 2435 or
739 2386 780 2436 die
797 2388 947 2441 unknown:
961 2406 985 2440 so

162 2463 235 2511 aulen
258 2462 317 2510 rnen
336 2462 404 2510 skalt
422 2462 485 2511 nane
507 2463 553 2510 lost
571 2464 611 2510 all
627 2463 672 2525 thy
689 2464 789 2512 ckarms
810 2465 840 2513 in
855 2466 941 2528 death,
958 2484 988 2518 no

162 2540 280 2588 traveller
290 2539 415 2604 shallstop
426 2546 450 2588 to
459 2555 504 2603 say
516 2541 595 2589 ‘Here
607 2540 651 2589 lies
661 2556 678 2588 a
690 2541 794 2591 learned
804 2543 898 2594 manill
903 2544 910 2567 ’

164 2670 298 2728 Scribant
319 2669 356 2728 de
376 2679 404 2729 te
425 2671 472 2729 alii
493 2670 540 2730 vel
561 2672 600 2730 sis
621 2671 724 2747 ignota
745 2672 863 2733 licebit:

203 2766 326 2837 Laudet,
347 2768 398 2843 qui
419 2768 507 2827 sterili
528 2770 640 2828 semina
660 2770 745 2848 ponit
765 2770 868 2831 humo.

113 3004 154 3050 15.
173 2999 230 3064 quis
241 3001 295 3048 No
341 3001 405 3063 quin
417 3005 446 3050 Z.
480 3007 520 3055 17.
539 3002 609 3052 horis
620 3007 656 3053 N.
699 3008 742 3054 23.
761 3021 863 3055 carmen
883 3010 939 3058 No
952 3007 1023 3059 Hem

80 3074 126 3118 ete.
169 3066 266 3112 culmen
279 3068 300 3111 z
313 3065 441 3125 Heinsius,
451 3067 509 3116 Bae.
543 3083 648 3117 currum
661 3069 806 3120 Markland.
848 3073 895 3122 24.
914 3074 1023 3124 thurcil

80 3137 125 3182 25.
143 3131 220 3180 etiam
233 3132 287 3178 ΝΟ
322 3130 412 3178 etenim
425 3132 482 3181 Bae.
496 3133 609 3183 Mueller.

112 3197 148 3247 ΙΙ.
170 3208 207 3244 11.
225 3199 249 3242 Ε
264 3193 330 3256 joins
347 3194 398 3244 this
413 3195 536 3260 fragment
553 3206 580 3246 to
597 3198 640 3249 the
658 3201 773 3265 previous
790 3217 883 3266 poem:
909 3205 954 3255 the
968 3201 1023 3257 otha

81 3261 153 3313 MSS.
166 3261 223 3325 give
234 3260 253 3308 it
262 3276 289 3309 as
300 3277 316 3310 a
326 3269 437 3324 separate
447 3277 529 3326 poem.

113 3333 135 3378 1.
155 3326 197 3376 vel
205 3327 289 3375 NDV
321 3328 387 3376 nel*
400 3327 457 3377 Bae.
525 3329 731 3380 2.Laudet1›v
763 3332 959 3386 Ludetttmv’.
