2228 3712
277 161 491 231 TIBULLUS,
514 168 554 218 11.
579 155 617 231 6.,
641 181 739 232 ²3·4³·
939 171 980 237 29

110 344 197 404 Haec
218 344 325 422 laqueo
345 344 485 418 volucres,
498 343 571 404 haec
593 354 691 422 captat
711 344 853 404 arundine

233 445 338 520 pisces,

152 541 232 600 Cum
253 553 354 600 tenues
374 541 479 600 hamos
499 541 612 600 abdidit
632 551 699 621 apte
720 542 822 600 cibus:

110 642 186 719 Spes
207 641 296 700 etiam
316 640 411 699 valida
432 640 542 700 solatur
562 641 706 718 compede
727 641 874 701 vinctum:
942 656 980 715 25

154 739 247 799 Crura
269 748 376 800 sonant
396 739 481 812 ferro,
503 739 555 798 sed
576 740 653 798 canit
674 739 748 798 inter
768 757 852 816 opus.

111 838 186 915 Spes
207 839 322 898 facilem
342 837 495 897 Nemesim
509 838 635 914 spondet
648 838 728 910 mihi,
744 838 796 896 sed
812 846 901 916 negat
917 838 965 898 illa

152 938 190 996 Ei
212 937 292 1009 mihi,
314 956 352 996 ne
373 938 480 1009 vincas,
503 937 575 996 dura
596 938 701 1014 puella,
723 938 818 997 deam.

63 1176 150 1220 —42
168 1169 212 1218 Alc
234 1177 306 1233 spare
329 1185 374 1230 mc,
397 1168 529 1218 Nemesis!
556 1168 597 1231 By
619 1169 664 1231 thy
685 1169 746 1217 dcar
768 1169 843 1219 sister
862 1169 932 1233 dead,

108 1248 190 1296 whose
195 1263 274 1310 grove
282 1249 303 1296 I
307 1247 373 1307 tend
383 1247 439 1295 who
444 1247 532 1311 plcads
543 1263 585 1309 my
596 1262 675 1307 cause,
684 1247 739 1295 and
748 1247 803 1296 who
814 1249 938 1313 standing
986 1310 991 1318 ·

108 1342 169 1375 over
182 1326 241 1384 thee,
254 1326 293 1372 all
308 1325 383 1373 blood·
384 1325 485 1374 stained
493 1342 521 1373 as
531 1326 572 1373 she
575 1325 634 1388 fell
646 1325 705 1374 will
714 1325 788 1375 break
797 1325 844 1388 thy
853 1327 934 1391 slcep:

110 1405 137 1451 be
149 1404 218 1451 hard
226 1409 250 1451 to
261 1418 299 1452 me
310 1419 342 1452 no
357 1418 431 1452 more.
465 1403 593 1467 Enouglz:
610 1410 653 1453 not
664 1404 733 1453 mine
749 1410 774 1453 to
787 1404 866 1468 bring
878 1410 936 1455 tear

109 1483 166 1530 mto
177 1482 249 1531 thme
260 1497 308 1544 eye

108 1600 211 1671 Parce,
234 1618 286 1676 per
307 1600 462 1658 immatura
482 1608 548 1657 tuae
569 1618 673 1676 precor
694 1618 762 1659 ossa
783 1601 909 1661 sororis:

153 1697 201 1756 Sic
223 1699 298 1756 bene
320 1699 374 1756 sub
395 1709 494 1756 tenera
515 1716 603 1774 parva
623 1698 753 1775 quiescat
774 1698 874 1758 humo.
941 1718 981 1776 30

108 1797 164 1856 Illa
185 1796 256 1853 mihi
278 1806 380 1854 sancta
400 1805 451 1866 est,
472 1796 547 1855 illius
569 1797 647 1856 dona
669 1798 804 1874 sepulcro

150 1893 189 1952 Et
210 1893 372 1953 madefacta
391 1894 464 1953 meis
486 1905 561 1953 serta
581 1894 673 1954 feram
693 1896 827 1968 lacrimis,

107 1994 190 2052 Illius
212 1994 249 2051 ad
270 1992 414 2052 tumulum
436 1992 554 2069 fugiam,
577 1995 760 2070 supplexque
782 1993 899 2067 sedebo,

150 2092 189 2150 Et
209 2110 276 2151 mea
298 2107 366 2149 cum
387 2101 469 2149 muto
490 2091 548 2149 sata
560 2110 673 2168 querar
694 2093 798 2151 cinere

108 2190 180 2250 Non
195 2190 265 2249 seret
279 2208 373 2268 usque
387 2207 472 2248 suum
488 2200 516 2248 te
531 2202 650 2267 propter
664 2190 732 2249 flere
746 2190 897 2250 clientem:
940 2206 979 2268 35

150 2291 230 2348 Illius
250 2302 282 2348 ut
302 2290 405 2361 verbis,
427 2290 467 2349 sis
488 2290 558 2347 mihi
580 2289 657 2348 lenta
678 2300 753 2361 vet0,

108 2388 155 2447 Ne
177 2389 244 2448 tibi
243 2389 375 2466 neglecti
396 2388 460 2446 mitt
449 2398 511 2446 tant
532 2388 609 2447 mala
630 2389 745 2447 somnia
766 2387 881 2460 Manes,

150 2487 324 2564 Maestaque
347 2487 460 2563 sopitae
481 2497 536 2545 stet
558 2505 641 2545 soror
661 2496 728 2546 ante
749 2497 855 2559 torum,

111 2586 213 2658 Qualis
235 2588 272 2645 ab
293 2587 408 2645 excelsa
429 2604 568 2662 praeceps
590 2585 708 2662 delapsa
732 2585 859 2645 fenestra

62 2734 63 2741 ,
150 2684 239 2743 Venit
260 2685 298 2743 ad
319 2683 448 2743 infernos
470 2684 693 2760 sanguinolenta
714 2684 803 2744 lacus.
939 2701 979 2757 40

62 2733 229 2977 :leesino
251 2802 288 2841 ne
310 2783 446 2841 dominae
467 2783 563 2841 luctus
584 2793 758 2841 renoventur
778 2782 892 2842 acerbi:

75 2939 78 2943 .
151 2880 221 2941 Non
243 2900 299 2959 ego
322 2900 387 2941 sum
407 2883 487 2953 tanti,
509 2882 603 2957 ploret
624 2893 656 2940 ut
677 2882 726 2940 illa
747 2882 846 2941 semel.

68 3077 106 3131 23,
122 3081 164 3130 24
188 3082 278 3146 Heyne
300 3082 350 3130 and
373 3080 474 3131 Fischer
491 3081 602 3144 (Quaest.
620 3081 707 3145 Prop.)
731 3080 803 3129 think
825 3080 895 3129 these
916 3078 980 3130 lines

62 3156 189 3262 urppltgpum
200 3151 411 3264 AV28.0
322 3148 419 3197 licio
544 3150 588 3196 ³2.
599 3147 687 3211 feram
700 3146 763 3195 Gv²
804 3145 979 3210 serantffl.
