2168 3720
246 115 464 187 TIBULLUS,
487 120 540 173 111.
563 120 605 190 5.,
631 133 730 189 17-34.
921 128 963 195 33

105 270 245 359 [Natalem
265 280 362 358 primo
382 289 516 340 nostrum
536 279 635 340 videre
655 292 800 358 parentes

135 379 211 438 Cum
232 377 339 438 cecidit
359 377 419 438 fato
440 378 544 439 consul
564 388 688 457 uterque
708 375 794 462 pari]

99 475 172 551 Quid
192 476 328 537 fraudare
347 477 426 537 iuvat
446 477 533 536 vitem
554 477 750 537 crescentibus
771 477 842 550 uviS,
935 462 938 469 ’

131 575 170 636 Et
189 574 283 636 modo
304 585 374 636 nata
393 574 472 636 mala
491 574 596 637 vellere
616 591 708 655 poma
727 576 840 637 manui
925 595 963 635 20

33 767 126 828 ²144.
147 776 207 828 oh!
222 783 295 841 spart
311 791 357 838 me,
370 777 431 840 gods
446 776 478 842 of
481 777 523 826 the
539 776 622 826 world
634 777 727 827 below:
738 783 821 842 grant
835 783 860 828 to
875 793 914 828 me

87 863 112 908 to
126 856 203 906 reaclae
217 855 261 905 old
269 869 320 918 age.
353 854 418 904 Line
428 854 539 921 happily,
551 869 593 918 my
595 855 708 919 friends,
720 855 775 906 and
775 856 861 922 forgct
870 863 915 907 ml

86 932 324 998 todosamflcesor
335 947 380 986 me.
444 954 447 960 ·

85 1047 211 1121 Parcite,
232 1045 375 1123 pallentes
395 1045 490 1104 undas
511 1046 689 1124 quicumque
710 1046 823 1121 tenetis,

124 1145 270 1223 Duraque
291 1142 384 1204 sortiti
403 1144 488 1203 tertia
507 1163 597 1221 regna
618 1144 674 1205 dei.

83 1245 207 1323 Elysios
227 1242 299 1304 olim
319 1243 405 1302 liceat
425 1260 606 1319 cognoscere
626 1261 756 1321 campos,

126 1341 348 1419 Lethaeamque
369 1351 460 1401 ratem
482 1341 715 1429 Cimmeriosque
737 1342 828 1414 lacus,

83 1442 168 1503 Cum
187 1458 255 1499 mea
274 1457 383 1516 rugosa
403 1438 555 1516 pallebunt
575 1458 627 1499 ora
648 1442 780 1513 senecta
922 1457 959 1516 25

125 1538 167 1598 Et
188 1538 310 1597 referam
331 1538 430 1614 pueris
450 1547 584 1614 tempora
605 1538 704 1615 prisca
724 1556 823 1598 senex.

80 1639 185 1716 Atque
205 1636 316 1695 utinam
335 1653 412 1695 vano
433 1635 611 1714 nequiquam
632 1646 738 1696 terrear
759 1636 856 1695 aestui

124 1737 284 1813 Languent
303 1744 348 1794 ter
364 1734 471 1811 quinos
492 1734 545 1793 sed
565 1752 632 1794 mea
652 1735 786 1795 membra
806 1734 877 1794 dies.

80 1837 125 1895 At
147 1834 231 1894 vobis
251 1831 370 1893 Tuscae
390 1832 574 1892 celebrantur
594 1833 717 1892 numina
737 1833 888 1912 lymphae,

124 1933 166 1992 Et
185 1930 278 1991 facilis
297 1931 381 1990 lenta
396 1930 512 2008 pellitur
531 1930 612 1990 unda
632 1949 732 1990 manu.
919 1950 958 2006 30

79 2032 181 2091 Vivite
203 2028 309 2102 felices,
330 2047 478 2089 memores
498 2038 528 2088 et
547 2029 632 2088 vivite
653 2029 752 2101 nostri,
884 2105 888 2113 Ι

126 2129 193 2189 Sive
213 2128 330 2201 erimus,
351 2146 404 2188 seu
424 2142 479 2187 nos
500 2127 559 2187 fata
580 2126 669 2187 fuisse
689 2127 785 2188 velint.
853 2170 855 2175 .

79 2231 200 2289 Interea
219 2227 319 2303 nigras
339 2225 469 2304 pecudes
489 2225 648 2302 promittite
667 2225 738 2298 Diti,

124 2327 164 2386 Et
177 2324 261 2385 ¹nivei
281 2324 364 2384 lactis
383 2325 491 2401 pocula
511 2325 604 2383 mixta
624 2342 716 2385 mero.

33 2530 75 2576 21.
93 2525 180 2576 undas
195 2528 220 2582 0
236 2524 319 2575 Plant.
356 2525 459 2575 umbras
471 2529 500 2574 Ζ.
566 2527 612 2574 29.
629 2525 668 2574 At
682 2522 749 2574 vobis
767 2521 830 2573 GV²
865 2523 956 2589 Atque

33 2590 155 2644 bisavt
176 2618 179 2667 3
223 2595 263 2642 ³1.
281 2589 405 2655 ‘Perhaps
415 2592 458 2641 sed
468 2588 543 2658 (κή)
556 2590 663 2640 Palmer.
730 2591 773 2642 32.
791 2589 874 2640 volent
884 2593 914 2638 z.
