2228 3712
220 173 262 219 20
472 166 688 269 Tradetur,
710 171 807 236 11.1.,
829 170 930 239 61-90.

301 329 381 388 Rure
402 330 489 389 etiam
511 333 615 390 teneris
635 350 736 391 curam
756 332 918 391 exhibitura
939 333 1044 409 puellis

341 428 433 488 Molle
455 431 528 505 gerit
550 440 633 507 tergo
654 430 750 490 lucida
770 432 862 490 vellus
882 432 955 492 ovis

301 526 380 587 Hinc
404 536 431 586 et
452 526 595 587 femineus
616 528 698 587 labor
718 539 771 601 est,
784 523 862 589 'hinc
882 548 977 607 pensa
997 530 1114 607 colusqu

289 652 300 661 ‘
340 626 435 691 Fusus
456 637 484 685 et
505 628 638 703 apposito
658 628 762 704 pollice
782 637 877 687 versat
897 646 993 705 opus:

298 724 396 802 Atque
418 725 514 803 aliqua
535 725 649 786 assidue
670 727 775 784 textrix
796 736 916 803 operata
937 725 1098 787 Minervam

341 823 458 896 Cantat‚
479 835 507 882 et
529 825 671 901 applauso
691 825 748 883 tela
769 833 854 884 sonat
873 825 971 885 latere.

238 906 447 1039 „wa
461 900 499 976 pa
516 905 577 969 mi
594 902 781 967 aarum
800 894 1004 1009 assectas
1042 1012 1048 1023 .

217 1043 337 1090 tar—88.
356 1041 424 1089 Here
435 1040 501 1089 Leve
512 1056 564 1088 was
575 1040 654 1089 born:
671 1040 728 1090 here
735 1041 803 1106 first
814 1041 844 1090 he
860 1040 920 1090 held
933 1042 976 1091 the
992 1042 1053 1103 bow,
1070 1040 1114 1092 her*

290 1118 356 1183 first
361 1119 463 1182 piereed
466 1135 556 1182 young
564 1118 619 1166 and
627 1119 673 1168 old.
705 1120 777 1168 Come
787 1119 848 1168 theu
859 1126 896 1167 too
907 1125 931 1168 to
941 1136 991 1169 our
993 1121 1070 1185 feast,
1085 1144 1090 1161 ι
1111 1143 1114 1155 ¹

298 1213 362 1246 come
373 1196 513 1245 unarmed:
530 1212 555 1245 se
565 1197 634 1245 shall
641 1198 681 1245 all
689 1197 788 1246 breathe
798 1197 867 1246 their
875 1213 943 1246 vows
954 1206 979 1247 to
989 1199 1051 1251 thee.

299 1316 367 1393 Ipse
389 1317 521 1393 interque
543 1335 646 1393 greges
667 1317 798 1393 interque
823 1326 956 1375 armenta
978 1316 1090 1395 Cupido

341 1415 437 1472 Natus
457 1424 486 1473 et
507 1416 663 1474 indomitas
684 1414 788 1473 dicitur
809 1414 883 1473 inter
903 1434 1004 1493 equas.

300 1513 364 1571 Iiiic
385 1512 504 1572 indocto
525 1515 652 1590 primum
674 1531 705 1572 se
727 1513 854 1572 exercuit
868 1531 965 1597 arcu:

340 1610 376 1667 Ei
391 1611 470 1681 mihi,
486 1631 574 1688 quam
590 1612 691 1670 doctas
706 1631 784 1671 nunc
798 1594 887 1670 habet
901 1612 947 1671 ilie
963 1615 1083 1674 manus!

301 1709 366 1768 Nec
387 1710 523 1785 pecudes,
546 1711 622 1768 velut
643 1720 718 1781 ante,
739 1711 827 1787 petit:
849 1711 947 1770 fixisse
969 1712 1080 1788 puellas

341 1807 445 1879 Gestit,
468 1820 496 1866 et
517 1808 642 1867 audaces
663 1808 863 1885 perdomuisse
884 1810 971 1869 viros.

301 1906 360 1965 Hic
382 1907 477 1965 iuveni
499 1907 620 1965 detraxit
641 1926 721 1984 opes,
742 1907 789 1966 hic
812 1908 908 1966 dicere
929 1908 1013 1967 iussit

341 2005 444 2063 Limen
467 2006 504 2063 ad
524 2007 612 2063 iratae
633 2007 721 2064 verba
741 2005 880 2082 pudenda
901 2025 1022 2067 senem:

301 2103 369 2163 Hoc
392 2104 466 2162 duce
487 2104 621 2162 custodes
641 2103 739 2162 furtim
760 2113 940 2179 transgressa
961 2105 1091 2167 iacentes

340 2201 388 2260 Ad
410 2203 544 2261 iuvenem
565 2203 689 2261 tenebris
711 2203 774 2262 sola
795 2203 890 2279 puella
911 2203 997 2276 venit,

300 2299 338 2356 Et
359 2301 480 2376 pedibus
502 2310 693 2377 praetemptat
713 2302 766 2359 iter
786 2318 927 2377 suspensa
946 2302 1062 2375 timore,

340 2398 481 2474 Explorat
505 2418 608 2457 caecas
629 2400 676 2458 cui
696 2417 800 2459 manus
821 2410 888 2459 ante
909 2400 979 2458 vias.

299 2495 326 2552 Α
347 2498 453 2568 miseri,
475 2515 550 2572 quos
571 2497 619 2556 hic
641 2499 763 2574 graviter
784 2497 856 2556 deus
875 2499 976 2573 urgetl
997 2505 1028 2557 at
1049 2498 1097 2559 ille

341 2594 433 2665 Felix,
455 2596 502 2653 cui
523 2595 653 2671 placidus
675 2596 776 2654 leniter
797 2595 886 2654 adflat
907 2597 1010 2658 Amor.

302 2691 417 2762 Sancte,
439 2693 504 2750 veni
525 2693 649 2769 dapibus
670 2693 757 2766 festis,
780 2693 832 2752 sed
852 2713 931 2770 pone
952 2695 1076 2770 sagittas

342 2789 380 2847 Et
399 2790 502 2867 procul
524 2790 657 2850 ardentes
677 2792 746 2851 hinc
768 2811 871 2869 precor
891 2792 966 2851 abde
987 2792 1080 2856 faces.

250 2989 296 3034 65.
313 2985 425 3034 assidue,
434 3023 440 3034 .
449 3021 455 3034 .
465 2985 614 3034 Minervam
623 2989 647 3035 0
675 2987 803 3035 assiduae.
814 3024 820 3036 .
831 3023 836 3035 .
846 2987 1011 3036 Minervaez
1047 2995 1060 3037 t

217 3051 292 3100 textis
305 3055 334 3101 z.
385 3055 431 3099 66.
449 3052 601 3114 applausoz
634 3053 737 3114 appulso
750 3055 781 3101 0.
832 3056 876 3104 67.
894 3053 950 3115 Ipse
961 3053 1083 3117 interque
1100 3080 1108 3112 ς

219 3119 245 3166 (ir
288 3118 344 3180 Ipse
355 3133 450 3181 quoque
461 3117 530 3164 inter
540 3132 612 3179 agros
624 3119 650 3163 A
694 3119 750 3180 lpse
761 3133 856 3182 quoque
868 3117 936 3166 inter
943 3134 1029 3182 greges
1039 3120 1080 3167 V¹

216 3198 289 3245 agros
301 3183 416 3246 interque
423 3198 509 3245 greges
520 3183 556 3229 V²
623 3198 718 3246 quoque
734 3183 802 3231 inter
813 3189 885 3245 apros
897 3183 981 3233 Klotz.
1062 3190 1112 3240 70.

218 3251 278 3296 GV.
352 3252 397 3301 72.
414 3255 505 3296 atroces
517 3244 581 3308 conj.
593 3247 652 3297 Bae.
725 3253 769 3301 7³.
786 3255 839 3312 opes
852 3246 913 3298 (ΡΖ
946 3255 1008 3314 opus
1020 3253 1055 3303 0.

217 3313 296 3362 cuiO
330 3313 392 3362 dum
403 3313 467 3377 conj.
482 3314 580 3377 Heyne.
