2228 3712
81 163 122 227 66
285 172 559 245 PROPERTIUS,
582 180 638 231 ΙΙΙ.
662 185 704 252 3.,
727 194 829 247 59-52·

163 336 348 397 ‘Contentus
369 338 459 398 niveis
479 357 595 416 semper
615 341 770 401 vectabere
790 342 897 419 cycnis,

202 435 266 495 Nec
287 447 315 496 te
337 436 418 496 sortis
438 438 506 515 equi
528 438 614 497 ducet
634 438 673 497 ad
693 458 778 499 arma
798 459 897 501 sonus
965 454 986 511 4⁰

162 532 212 592 Nil
233 536 284 594 tibi
306 536 341 594 sit
361 554 451 595 rauco
472 537 630 613 praeconia
649 537 774 598 classica
794 558 886 599 cornu

204 632 296 705 Flam,
319 654 373 693 nec
393 634 524 693 Aonium
543 635 675 712 tinguere
696 635 796 697 Marte
815 656 931 711 nemus;

162 731 222 789 Aut
243 733 348 809 quibus
369 733 400 790 in
421 734 534 810 campis
555 732 692 794 Mariano
713 736 824 812 praelia
844 738 924 815 signo

205 829 296 903 Stent,
317 843 345 891 et
362 831 543 891 Teutonicas
565 832 664 892 Roma
684 832 827 912 refringat
848 855 923 914 opes,

168 930 314 989 Barbarus
333 940 383 989 aut
405 930 500 990 Suevo
521 899 646 1013 perfusis
667 933 813 1009 sanguine
834 933 943 995 Rhenus
966 944 988 1004 45

204 1029 307 1088 Saucia
327 1030 468 1088 maerenti
489 1048 612 1106 corpora
628 1040 723 1091 vectet
744 1050 831 1109 aqua„

163 1129 282 1205 Quippe
304 1138 461 1188 coronatos
482 1129 610 1188 alienum
630 1129 669 1188 ad
689 1130 782 1190 limen
799 1142 926 1192 amantes

204 1227 433 1303 Nocturnaeque
454 1245 544 1286 canes
565 1228 645 1287 ebria
666 1229 752 1305 signa
773 1229 870 1309 fugae,

163 1326 203 1385 Ut
224 1337 325 1404 perte
347 1326 459 1385 clausas
480 1327 553 1385 sciat
573 1337 730 1387 excantare
751 1328 873 1404 puellaS,
1037 1348 1043 1391 ι

204 1425 264 1497 Qui
285 1425 361 1484 volet
382 1435 513 1484 austeros
534 1434 595 1484 arte
616 1424 701 1484 ferire
722 1426 819 1487 viros?
967 1436 990 1496 5⁰

82 1605 201 1649 51-52.
218 1598 282 1648 And
296 1598 359 1647 with
375 1598 432 1647 that
446 1597 488 1647 slve
504 1597 607 1647 touched
621 1612 663 1661 my
678 1597 728 1662 lios
744 1598 810 1647 with
825 1595 963 1663 wataesm

163 1673 282 1726 Philetas'
294 1677 390 1740 spring.

162 1795 249 1854 Talia
270 1794 411 1871 Cassiope,
431 1793 615 1871 lymphisque
636 1812 655 1853 a
674 1791 756 1853 fonte
777 1795 878 1872 petitis

204 1893 266 1954 Ora
287 1893 435 1952 Philetaea
455 1882 553 1952 hostra
573 1893 675 1969 rigavit
696 1894 783 1971 aqui.

498 2167 563 2232 111.
578 2184 609 2246 4.

117 2311 194 2356 1-6.
214 2308 297 2356 Coesar
309 2305 332 2354 is
343 2305 423 2369 going
427 2303 503 2368 forth
518 2309 542 2352 to
556 2302 597 2352 the
608 2302 691 2351 East:
707 2301 748 2351 the
763 2303 853 2367 Trgvs's
864 2303 920 2354 and
926 2302 972 2355 ru·

157 2384 262 2448 pirates
273 2399 316 2433 are
327 2389 351 2432 to
356 2389 418 2446 pass
428 2381 512 2431 under
521 2380 562 2429 his
571 2396 649 2444 sway.

162 2502 254 2561 Arma
274 2501 357 2561 Deus
378 2500 488 2560 Caesar
508 2499 581 2557 dites
601 2497 756 2557 meditatur
776 2498 816 2558 ad
836 2498 938 2575 Indos,

202 2600 241 2659 Et
262 2601 335 2660 freta
355 2598 519 2677 gemmiferi
541 2597 651 2656 findere
673 2597 766 2656 classe
787 2599 887 2661 maris.

162 2699 284 2776 Magna,
299 2700 359 2770 viri,
374 2680 487 2758 merces
495 2716 503 2770 ;
525 2705 609 2773 parat
622 2696 723 2755 ultima
737 2706 814 2756 terra
827 2698 998 2779 triumphos

203 2798 302 2874 Tigris
322 2809 351 2856 et
372 2796 537 2872 Euphrates
558 2796 613 2854 sub
633 2804 683 2853 tua
704 2795 766 2854 iura
786 2795 888 2858 fluent

112 2992 154 3039 41.
167 2991 342 3054 praeconiali
371 2993 553 3056 praeconicao
587 2993 646 3041 Bae.
659 2997 770 3055 suggests
775 2990 918 3053 praeconis.
982 2986 1017 3037 41

80 3055 153 3106 Flere
168 3057 211 3106 the
226 3056 299 3106 MSS.
312 3058 391 3107 Palm.
403 3074 454 3122 cps.
469 3072 490 3107 1.
502 3074 526 3122 9.
541 3071 578 3118 10,
591 3056 731 3121 remarking
746 3055 801 3105 that
815 3053 891 3121 Prop'.
903 3052 1018 3121 mesa!

81 3122 110 3170 oi
118 3123 350 3187 singingadoleful
365 3139 434 3187 song,
449 3125 606 3173 aslacn‘mae
618 3123 644 3172 in
659 3136 680 3173 1.
694 3136 717 3184 3.
731 3121 772 3186 46,
785 3135 806 3169 1.
818 3122 842 3170 6.
857 3135 970 3187 2441.
983 3128 1019 3169 m

81 3188 264 3248 FlareFruter,
277 3189 361 3239 Hertz.
374 3189 427 3238 Pal.
461 3190 509 3253 Cp.
521 3189 646 3239 Martn.
658 3190 709 3247 3.8
749 3187 904 3251 tinguerelt
938 3188 1019 3253 W

81 3256 133 3302 Dr·
179 3255 276 3319 cingere
287 3259 339 3304 V.·
398 3258 566 3304 45.scev01v
599 3269 669 3304 saevo
681 3257 734 3301 DV
767 3253 848 3302 Saevo
864 3252 922 3305 edd.
1043 3250 1045 3261 '

113 3324 136 3369 1.
153 3321 232 3370 Palm.
244 3328 357 3386 suggests
368 3337 437 3371 meus
447 3322 486 3370 ior
497 3321 575 3370 Deus.
641 3322 668 3370 4.
685 3334 750 3369 nova
761 3317 826 3382 conj.
837 3317 898 3371 Bne.
