2228 3712
288 155 503 225 Traditur,
526 164 551 215 1.
564 166 603 232 3·‚
620 172 720 229 73·94·

106 321 171 381 Illic
193 321 339 381 Iunonem
359 331 500 400 temptare
521 321 632 381 Ixionis
653 323 715 382 ausi

147 418 308 478 Versantur
329 419 415 478 celeri
436 421 524 485 noxia
543 422 676 480 membra
696 430 776 481 rota:

106 517 319 594 Porrectusque
340 536 447 577 novem
469 518 573 596 Tityos
594 538 647 596 per
668 519 768 597 iugera
788 530 881 580 terrae
934 533 973 597 75

146 615 288 676 Assiduas
309 627 372 676 atro
392 617 501 676 viscere
522 618 615 694 pascit
635 635 711 678 aves.

107 714 252 774 Tantalus
273 715 403 788 estillic,
424 726 452 775 et
472 717 582 787 circum
603 727 724 794 stagna:
745 716 797 777 sed
817 734 915 777 acrem

35 855 39 863 -
148 814 214 873 Iam
235 815 294 871 iarn
314 814 410 890 poturi
430 814 537 875 deserit
557 815 637 874 unda
657 814 755 889 sitim;

107 914 146 974 Et
165 912 264 972 Danai
284 912 389 991 proles,
404 911 528 972 Veneris
548 912 629 991 quod
649 914 770 972 numina
790 912 882 986 laesit,

149 1013 186 1070 In
207 1029 279 1072 cava
299 1010 442 1071 Lethaeas
464 1000 541 1070 dolia
561 1021 658 1088 portat
679 1029 779 1088 aquas.
867 1008 876 1053 ‘-
934 1015 974 1072 80

107 1111 169 1171 Illic
190 1112 235 1182 sit,
256 1111 432 1188 quicumque
453 1127 536 1180 meos
556 1109 671 1170 violavit
691 1127 819 1192 amores2

149 1208 269 1288 Optavit
289 1209 381 1268 lentas
402 1218 431 1290 et
451 1207 523 1267 mihi
543 1208 667 1268 militias.
834 1204 862 1252 ¹-
903 1204 906 1221 '

32 1483 147 1528 ιε-ΘΩ.
164 1475 221 1525 But
230 1475 259 1524 do
269 1473 329 1524 thou
340 1473 367 1524 be
377 1480 442 1537 true,
454 1489 495 1538 my
505 1474 583 1524 Delia
593 1490 602 1530 .·
617 1475 672 1524 and
679 1491 738 1540 may
748 1475 788 1526 the
803 1476 852 1540 day
862 1491 925 1526 come

108 1553 182 1603 when
204 1553 264 1601 thou
287 1558 381 1616 mayest
386 1553 431 1617 sty
447 1560 471 1602 to
493 1559 554 1603 natet
573 1568 612 1603 me
627 1555 701 1604 when
716 1555 737 1604 I
748 1570 812 1606 come
827 1555 885 1605 back
901 1561 925 1606 to

107 1631 168 1692 thee,
180 1631 370 1692 unannounced,
382 1646 410 1680 as
420 1630 508 1696 issem
517 1638 541 1683 to
551 1631 603 1682 thee
605 1632 679 1697 from
690 1632 731 1683 the
741 1632 853 1684 heavens.

106 1762 147 1821 At
167 1771 199 1820 tu
221 1769 301 1819 casta
320 1777 423 1836 precor
443 1777 572 1833 maneas,
594 1762 744 1842 sanctique
764 1761 882 1840 pudoris

52 1872 55 1880 ·
148 1857 283 1917 Assideat
304 1867 401 1917 custos
423 1857 524 1918 sedula
543 1877 660 1938 semper
680 1879 762 1921 anus.

107 1957 194 2017 Haec
214 1957 267 2016 tibi
287 1956 407 2016 fabellas
427 1957 539 2030 reserat,
560 1959 712 2036 positaque
732 1959 852 2019 lucerna
933 1962 972 2034 85

148 2055 283 2115 Deducat
302 2056 389 2133 plena
410 2045 534 2115 stamin'a
553 2050 643 2134 longa
663 2058 748 2117 colu:

106 2154 152 2214 Ac
174 2155 251 2214 circa
271 2154 407 2232 gravibus
426 2156 525 2232 pensis
545 2156 633 2215 affixa
653 2154 750 2232 puella
780 2218 783 2224 ,

148 2253 290 2312 Paulatim
311 2270 417 2313 somno
438 2253 513 2312 sessa
532 2255 656 2313 remittat
676 2270 761 2332 opus.

33 2375 36 2379 ⁴
108 2352 197 2411 Tunc
217 2351 333 2409 veniam
355 2332 459 2424 subito,
481 2370 535 2412 nec
555 2352 711 2432 quisquam
731 2352 845 2414 nuntiet

229 2459 305 2520 ante,

151 2548 210 2608 Sed
230 2548 329 2607 videar
349 2546 431 2607 caelo
451 2548 557 2607 missus
577 2548 679 2608 adesse
699 2548 759 2610 tibi.
934 2570 973 2627 90

107 2648 196 2708 Tunc
217 2649 297 2721 mihi,
318 2646 411 2725 qualis
431 2648 495 2721 eris,
517 2648 623 2726 longos
643 2649 757 2710 turbata
776 2649 905 2727 capillos,

149 2747 246 2808 Obvia
266 2746 386 2819 nudam,
406 2746 500 2818 Delia,
522 2765 604 2806 curre
624 2748 708 2825 pede.

109 2846 178 2906 Hoc
197 2863 310 2923 precor,
332 2845 410 2904 hunc
430 2844 510 2904 illum
530 2847 616 2904 nobis
636 2846 752 2906 Aurora
772 2848 912 2908 nitentem

148 2943 318 3004 Luciferum
338 2944 428 3005 roseis
450 2944 574 3005 candida
594 2955 690 3022 portet
710 2947 801 3025 equis.

54 3165 103 3217 73.
119 3168 238 3225 temptare
255 3165 283 3212 A
332 3167 430 3211 tentare
448 3165 508 3212 GV.
613 3168 658 3216 79.
675 3164 743 3229 quod
756 3166 811 3215 AV
861 3179 925 3229 quae
942 3168 974 3215 G.

32 3233 70 3281 33.
89 3234 156 3277 casta
162 3233 253 3292 precor
262 3227 375 3276 coniunx
386 3243 487 3276 maneas
498 3229 555 3279 Par.
674 3234 719 3278 86.
737 3231 888 3281 coloOPar.
921 3232 977 3282 colu

32 3295 92 3344 iris.
104 3294 163 3344 Bae.
177 3293 233 3345 Hil.
245 3292 325 3343 Muel.
419 3297 463 3345 87.
480 3296 519 3343 Ac
530 3296 554 3343 0
588 3296 627 3343 At
636 3296 693 3346 Par.
705 3296 766 3345 Bae.
