2228 3712
97 121 141 200 64
313 124 587 196 properemus
611 128 665 180 111.
689 134 838 201 3·,1-ao.

518 356 583 419 111.
600 373 630 440 3.

115 492 214 537 1-12.
231 485 379 550 Malloouglrt
394 485 415 534 I
427 486 469 547 loy
484 500 516 533 on
538 484 652 544 Helicon,
673 482 730 532 and
741 496 811 547 song
825 482 859 547 of
867 480 932 531 Allo
946 477 983 531 orl

181 566 222 613 lloo
238 563 352 623 Horatii,
370 563 402 627 os
414 562 544 611 AEmo'lius
560 561 615 610 and
628 561 732 619 Fabius,
753 560 786 625 of
803 558 918 611 Cannae’s
929 556 984 623 saul

169 641 242 707 field,
255 641 286 706 of
291 642 332 689 lloc
345 641 445 705 Capitol
453 639 529 688 saved
529 639 603 704 from
614 639 655 689 the
668 638 751 689 Gallia
760 638 824 690 host.

180 747 267 805 Visus
288 765 368 804 eram
390 745 469 804 molli
490 746 632 803 recubans
654 744 811 803 Heliconis
831 744 862 801 in
881 743 977 811 umbn,

221 844 457 921 Bellerophontei
477 861 536 920 qua
554 842 616 901 fluit
637 841 743 901 humor
762 842 842 920 equi,

182 944 287 1021 Reges,
309 943 394 1013 Alba,
416 952 482 1001 tuos
503 953 532 1001 et
552 960 655 1019 regum
675 941 754 1000 facta
773 950 902 1012 tuorum,

222 1043 353 1102 Tantum
374 1041 479 1118 operis,
500 1041 595 1099 nervis
616 1040 729 1099 hiscere
748 1058 839 1117 posse
859 1038 944 1110 meis;

180 1141 330 1218 Parvaque
348 1151 408 1199 tam
429 1140 545 1215 magnis
564 1139 718 1198 admoram
737 1137 869 1197 fontibus
888 1156 943 1209 ora,
996 1144 1008 1203 ὅ
1074 1123 1094 1141 ⁴

221 1240 308 1298 Unde
329 1248 412 1315 pater
432 1239 531 1297 sitiens
551 1238 666 1297 Ennius
687 1247 755 1297 ante
774 1237 859 1311 bibit,

180 1339 220 1398 Et
240 1339 332 1397 cecini
354 1337 459 1396 Curios
479 1337 579 1395 fratres
600 1347 630 1395 et
651 1336 776 1396 Horatia
795 1336 865 1413 pila,

224 1437 375 1511 Regiaque
396 1434 523 1494 Aemilia
543 1445 626 1494 vecta
647 1445 769 1512 tropaea
788 1444 861 1508 rate,

5 1526 13 1579 ,¹
73 1551 86 1559 ··
114 1535 377 1610 ·²·¹⁵›‹Vietricesque
398 1552 496 1593 moras
517 1533 600 1592 Fabii
620 1552 809 1611 pugnamque
830 1534 963 1593 sinistram

224 1633 410 1692 Cannensem
431 1642 459 1691 et
480 1651 577 1691 versos
597 1632 636 1691 ad
656 1633 706 1708 pia
724 1643 793 1691 vota
813 1632 895 1705 deos,
989 1638 1011 1681 ¹⁰

183 1731 440 1808 Hannibalemque
462 1730 552 1789 Lares
574 1729 711 1790 Romana
731 1731 801 1790 sede
823 1730 959 1809 fugantes,

222 1831 343 1890 Anseris
364 1841 392 1888 et
413 1840 507 1888 tutum
528 1848 599 1888 voce
620 1828 708 1889 fuisse
729 1830 850 1889 Iovem:

103 2032 220 2076 18-24.
240 2026 296 2075 Boot
311 2025 400 2088 Apollo
415 2024 476 2072 clrid
488 2039 526 2073 me
542 2025 597 2072 and
606 2024 678 2072 said:
694 2024 763 2073 ‘Nol
779 2023 852 2074 thiae
867 2032 892 2075 to
905 2018 996 2089 singli

182 2105 264 2154 locroes
275 2104 304 2152 ia
315 2103 397 2152 lzeroic
407 2103 500 2159 strain,
512 2102 556 2149 but
566 2103 625 2166 only
635 2101 684 2166 sofl
695 2102 750 2164 lays
763 2102 868 2167 oslove:
884 2104 949 2153 leave
958 2106 993 2151 nol

183 2183 223 2231 lla
234 2197 317 2231 course
326 2178 663 2342 prescribedfoffrotrlgesijjw

184 2286 261 2345 Cum
283 2305 330 2343 me
351 2285 483 2344 Castalia·
495 2304 584 2362 specu
595 2304 648 2344 ans
669 2304 707 2345 ex
727 2276 831 2344 arbore
853 2286 986 2347 Phoebus

226 2384 273 2442 Sic
295 2383 342 2453 ait,
364 2393 464 2442 aurata
484 2384 570 2442 nixus
591 2384 628 2442 ad
649 2394 732 2442 antra
751 2383 829 2461 lyra:
1046 2378 1050 2387 '

185 2480 285 2560 ‘Quid
299 2482 351 2540 tibi
365 2501 433 2541 cum
447 2482 506 2553 tali,
520 2482 650 2554 demens,
665 2493 708 2541 est
722 2482 863 2543 flumine?
884 2484 991 2563 quiete
1009 2490 1034 2553 15

225 2579 371 2639 Carminis
392 2580 473 2639 heroi
494 2592 614 2659 tangere
635 2581 717 2640 iussit
738 2582 836 2658 opus?

185 2676 256 2737 Non
277 2677 323 2736 hic
344 2678 404 2737 ulla
424 2680 476 2737 tibi
497 2679 641 2757 speranda
662 2691 704 2737 est
724 2679 811 2752 fama,
833 2678 984 2759 Propertiz

226 2775 330 2835 Mollia
350 2788 416 2835 sunt
436 2778 530 2854 parvis
550 2788 632 2854 prata
652 2777 774 2836 terenda
792 2778 873 2851 rotis,

184 2873 226 2933 Ut
243 2886 309 2934 tuus
331 2875 361 2932 in
383 2894 505 2935 scamno
525 2877 646 2936 iactetur
668 2894 756 2953 saepe
776 2875 901 2953 libellus,

227 2973 325 3046 Quem
347 2974 423 3050 legat
444 2986 600 3052 expectans
621 2976 684 3034 sola
704 2975 801 3051 puella
821 2976 928 3038 virum.
1015 2992 1045 3039 m

561 3093 803 3102 ...η-...-

138 3144 164 3190 5.
181 3142 288 3192 Mueller
299 3142 362 3205 conj.
374 3145 508 3208 Pronaque
552 3152 603 3193 tom
616 3147 640 3193 0
685 3145 737 3193 iano
749 3144 877 3205 Heinsius,
890 3147 951 3199 Bae.
1025 3148 1047 3197 0.
1106 3180 1110 3189 ·

105 3207 222 3256 scicnsN
265 3209 359 3258 obitu.
426 3215 451 3262 7.
468 3210 556 3259 [εεὶ]ιᾶ
567 3210 638 3260 MSS.
652 3210 737 3260 Hertz.
750 3211 808 3261 Bae.
853 3210 1048 3265 ceciniolddu

104 3275 143 3321 11.
161 3274 261 3324 larcsl'
294 3275 415 3325 lacoosN.

1 3389 18 3428 7·
41 3378 106 3441 *rw
128 3414 180 3445 en*
201 3396 241 3441 l«.
282 3412 331 3441 ow
371 3410 455 3443 now-r
479 3366 574 3479 irene
596 3361 685 3441 mimo.
722 3363 843 3437 efud)
863 3374 953 3465 γι(
