2228 3712
241 478 855 582 Tseunuus,ur3

74 681 173 724 1—10.
195 674 273 724 What
288 675 351 723 boote
368 674 397 733 ie,
412 675 521 733 Neaera,
535 674 591 723 that
606 675 627 723 I
639 673 702 722 leave
708 673 788 738 filled
801 672 897 722 heaven
912 670 969 720 with

154 769 196 816 my
208 751 338 816 prayers?
360 758 403 800 net
411 751 460 816 sor
475 751 570 800 marble
585 752 659 800 house
675 767 705 801 ar
719 751 775 800 rich
791 756 877 810 estate,
894 751 969 799 butte

153 832 226 881 share
241 831 281 880 all
288 831 347 896 joys
363 830 427 878 wite
445 831 505 890 thee,
525 830 580 878 and
595 831 644 878 live
662 829 744 894 happy
760 829 790 878 in
807 829 852 892 thy
865 829 918 878 lave
933 827 971 877 ria

152 909 233 958 death.

153 1009 236 1083 Qum
256 1009 376 1086 prodest
397 1008 510 1068 caelum
531 1008 605 1068 votis
625 1007 770 1085 implesse,
792 1006 918 1079 Neaera,

193 1108 365 1186 Blandaque
387 1126 456 1167 eum
476 1107 653 1166 multatum
674 1106 790 1166 dedisse
811 1125 908 1183 prece,

69 1235 76 1249 ·
152 1207 224 1266 Non
244 1218 276 1266 ut
296 1207 452 1265 marmorei
473 1206 621 1283 prodirem
642 1225 659 1264 e
679 1205 779 1264 limine
799 1206 878 1278 tecti,

193 1306 319 1382 Insignis
341 1306 419 1364 clara
440 1305 676 1383 conspicuusque
697 1304 799 1376 domo,

152 1406 212 1465 Aut
232 1415 264 1464 ut
285 1405 376 1463 multa
397 1405 455 1463 mei
477 1414 648 1464 renovarent
670 1404 773 1479 iugera
791 1404 877 1476 tauri,
993 1412 1006 1473 5

192 1505 232 1564 Et
252 1523 376 1581 magnas
396 1522 506 1563 messes
526 1514 602 1562 terra
622 1503 750 1580 benigna
770 1502 861 1575 daret,

154 1603 213 1663 Sed
233 1614 330 1662 tecum
351 1612 383 1661 ut
403 1603 510 1678 longae
531 1602 675 1661 sociarem
695 1600 804 1679 gaudia
824 1602 899 1661 vitae

194 1704 288 1781 Inque
308 1712 359 1761 tuo
381 1701 497 1760 caderet
515 1713 616 1760 nostra
636 1710 755 1759 senecta
776 1701 852 1774 sinu,

153 1801 234 1861 Tum
255 1819 323 1860 cum
344 1818 500 1877 permenso
522 1798 675 1858 defunctus
695 1808 828 1875 ternpore
848 1798 922 1859 lucis

194 1900 300 1959 Nudus
321 1898 450 1979 Lethaea
472 1916 591 1974 cogerer
612 1897 753 2033 ireurasse?
780 1906 791 1995 'q
855 1953 893 2011 Γ
917 1946 937 1987 :²
962 1912 1011 1969 Ιιο

73 2073 191 2118 11-24.
213 2068 290 2117 What
300 2074 324 2116 to
338 2084 377 2116 me
390 2082 454 2115 were
464 2065 525 2129 gold
534 2081 564 2114 ar
575 2065 653 2129 pearl
664 2081 694 2114 ar
704 2065 805 2126 marble,
817 2065 889 2114 what
898 2050 974 2130 grear

152 2162 183 2195 er
193 2145 280 2209 gilded
294 2145 366 2221 rrff?
404 2144 473 2193 With
490 2144 549 2204 thee,
568 2146 677 2203 Neaera,
688 2149 794 2206 peverty
807 2159 872 2193 were
886 2150 973 2194 sweet:

153 2240 185 2272 no
196 2223 284 2287 kingly
294 2223 385 2272 wealtle
396 2239 443 2271 can
449 2223 533 2286 please
544 2222 652 2270 without
662 2221 722 2271 thee.

153 2339 232 2398 Nam
258 2359 345 2416 grave
368 2340 438 2417 quid
464 2339 582 2416 prodest
608 2339 725 2414 pondus
750 2338 823 2396 mihi
845 2338 944 2400 divitis
984 2380 986 2384 .

276 2439 347 2503 auri,

193 2536 328 2612 Arvaque
351 2535 375 2594 si
396 2535 509 2594 findant
530 2535 651 2612 pinguia
672 2535 751 2593 mille
772 2536 887 2594 boves?

154 2634 269 2708 Quidve
291 2633 395 2692 domus
416 2633 533 2709 prodest
553 2633 686 2710 Phrygiis
706 2633 807 2691 innixa
828 2634 982 2706 columnis,

195 2733 330 2790 Taenare
351 2731 410 2789 sive
431 2732 495 2802 tuis,
517 2733 575 2790 sive
598 2731 718 2807 Caryste
739 2733 805 2803 tuis,

152 2830 191 2890 Et
211 2847 334 2888 nemora
354 2829 385 2886 in
406 2829 542 2888 domibus
563 2848 660 2888 sacros
680 2830 822 2889 imitantia
842 2830 936 2905 lucos,
985 2846 1014 2905 15

193 2928 379 3003 Aurataeque
399 2928 494 2986 trabes
515 2946 769 3004 marmoreumque
791 2928 907 3010 solum?

106 3096 190 3147 111.3
218 3098 244 3144 2.
262 3095 398 3158 Multaque
411 3111 468 3143 eum
480 3096 571 3144 blanda
588 3097 678 3158 Bergk.
763 3102 788 3149 7
806 3096 939 3147 saciare'G
985 3108 1013 3144 so·

73 3163 170 3212 cierent
191 3164 253 3209 Av.
358 3164 562 3223 9.permens00
606 3168 770 3224 praemensae
787 3166 839 3211 ΖΗ
876 3170 1013 3227 permensa?

74 3226 202 3277 Huschke
243 3229 281 3276 11.
294 3226 358 3289 qued
362 3226 474 3290 prodesse
480 3232 559 3290 potest
564 3227 664 3291 pondus
671 3243 750 3291 grave
762 3229 818 3277 Par.

1 3338 104 3398 'equs
136 3335 317 3460 jande
313 3321 532 3411 ΜΛ.
535 3370 587 3399 r
577 3323 753 3455 ΙΨἋ.
754 3334 898 3455 Μ..
908 3314 1049 3443 suff(

304 3488 611 3559 ῃΜΙι..)
