2228 3712
256 165 534 232 PROPERTIUS‚
558 171 597 221 11.
624 175 685 233 12„
711 184 790 222 1-12.
957 176 996 245 51

128 328 247 400 Omnia,
269 328 357 387 crede
377 328 457 400 mihi,
479 347 578 388 secum
598 348 661 389 uno
681 348 805 390 munera
824 330 907 391 leeto'

168 427 290 486 Auferet
309 429 431 486 extremi
452 427 560 487 funeris
582 438 643 486 atra
663 428 744 487 dies:

125 527 164 585 Et
185 537 235 584 tua
255 527 388 585 transibit
408 537 601 586 contemnens
626 545 693 586 ossa
712 527 814 600 viator,
980 545 998 607 5

167 625 232 687 Nec
255 625 350 686 dicet:
376 625 476 685 ‘Cinis
496 626 544 686 hic
565 627 652 686 docta
672 626 770 703 puella
789 625 860 686 fuit?

463 926 509 989 11.
529 944 577 991 12.

73 1071 157 1115 1-8.
174 1065 242 1113 How
257 1063 390 1112 wondrous
405 1063 484 1112 elever
497 1078 549 1110 was
565 1062 606 1110 tlte
617 1063 725 1125 pointer
737 1062 792 1110 zolro
799 1063 864 1126 first
879 1063 948 1114 drew

123 1143 191 1192 Looe
201 1159 229 1190 as
240 1158 256 1190 a
263 1142 341 1206 giddy
349 1140 412 1204 Boy,
422 1141 477 1189 and
484 1139 601 1190 endowcd
610 1141 672 1188 with
684 1139 785 1203 wings!

123 1262 313 1338 Quicumque
334 1260 381 1318 ille
402 1259 463 1330 fuit,
484 1277 608 1336 puerum
630 1258 680 1336 qui
700 1259 795 1336 pinxit
815 1259 965 1333 Amorem,

167 1359 277 1419 Nonne
298 1369 383 1436 putes
403 1358 491 1416 miras
512 1358 591 1416 hunc
613 1357 748 1417 habuisse
770 1360 899 1419 manus?

121 1460 154 1520 Is
175 1459 303 1537 primum
323 1459 392 1518 vidit
414 1458 476 1517 sine
497 1475 585 1516 sensu
606 1458 699 1516 vivere
720 1467 862 1530 amantes,

163 1559 202 1617 Et
222 1559 332 1617 levibus
353 1557 430 1616 curis
450 1574 559 1633 magna
579 1554 673 1632 pe'rire
694 1556 782 1615 bona.

120 1657 207 1717 Idem
229 1675 290 1716 non
311 1657 417 1714 frustra
437 1665 572 1714 ventosas
594 1653 704 1712 addidit
724 1655 793 1728 alas,
976 1671 993 1732 5

163 1755 245 1814 Fecit
267 1765 295 1813 et
314 1753 445 1813 humano
466 1753 553 1812 corde
573 1752 670 1811 volare
691 1752 800 1827 deum;

122 1851 240 1912 Scilicet
261 1853 372 1910 alterna
392 1851 532 1929 quoniam
552 1851 696 1910 iactamur
717 1853 747 1908 in
768 1851 857 1922 unda,

162 1951 330 2028 Nostraque
351 1969 412 2009 non
433 1949 497 2008 ullis
518 1960 669 2027 permanet
690 1969 760 2009 aura
781 1950 861 2010 locis.

70 2197 156 2254 ..lo
174 2189 281 2252 Riglrtly
292 2196 329 2237 too
344 2189 367 2236 is
381 2187 411 2235 Ιιι
426 2187 516 2235 ormed
524 2187 587 2234 with
603 2202 620 2234 a
634 2187 686 2234 bow
701 2187 756 2234 and
764 2187 827 2235 with
839 2187 944 2251 quiver:

118 2268 176 2316 how
187 2266 259 2331 swofl
269 2264 324 2314 and
331 2281 389 2314 sure
400 2264 430 2313 Ιιι
440 2264 549 2313 strikcs!
570 2266 604 2313 In
616 2279 657 2326 my
668 2264 749 2312 brcast
759 2264 800 2313 lois
810 2265 891 2330 shafts
901 2282 944 2316 ore

109 2345 186 2411 fast:
202 2345 233 2394 lie
243 2345 289 2393 lras
300 2345 346 2393 lost
357 2343 398 2391 his
409 2343 497 2406 wings,
510 2343 565 2390 and
572 2343 664 2390 drains
675 2357 717 2405 my
727 2343 852 2407 list-blood
859 2344 914 2407 dry.

117 2493 158 2552 Et
179 2491 283 2552 merito
303 2491 427 2549 hamatis
447 2508 554 2549 manus
574 2499 617 2548 est
638 2501 750 2549 armata
770 2491 889 2567 sagittis,

160 2591 198 2650 Et
219 2591 355 2668 pharetra
369 2608 406 2648 ex
421 2588 545 2648 humero
560 2587 674 2647 Gnosia
694 2596 819 2666 utroque
841 2591 915 2651 iacet
921 2611 930 2665 ;
955 2611 991 2652 10

117 2694 198 2752 Ante
221 2689 284 2749 ferit
304 2689 454 2766 quoniam,
473 2689 526 2747 tuti
546 2706 636 2765 quarn
658 2689 804 2748 cernimus
825 2689 948 2764 hostem,
967 2768 971 2775 Ι

159 2789 223 2850 Nec
245 2788 403 2866 quisquam
424 2806 461 2846 ex
483 2787 533 2846 illo
553 2787 671 2847 vulnere
692 2807 781 2847 sanus
802 2790 869 2848 abit.
958 2816 961 2821 ·

70 3057 90 3103 Ι.
108 3064 191 3100 secum
204 3052 225 3098 z
236 3050 322 3100 Hertz.
335 3058 381 3100 etc.
415 3056 494 3098 tecum
506 3052 535 3097 tt
536 3052 560 3097 0
573 3050 627 3099 Per.
637 3049 695 3099 Bae.
763 3053 789 3097 6.
807 3050 880 3098 cuius
890 3053 923 3100 Ε.

70 3125 86 3168 t.
99 3117 208 3183 primus
219 3120 251 3165 It'.
319 3120 344 3165 3.
362 3117 485 3164 IsNDV
517 3115 608 3164 Ht'cP.
667 3119 693 3164 6.
710 3115 824 3163 humana
835 3122 897 3165 sorte
909 3114 990 3167 Hein-

70 3203 80 3236 ς
116 3183 231 3231 immoni
240 3182 308 3230 corde
320 3183 453 3230 Burmann.
487 3180 545 3230 Bae.
557 3186 670 3244 suggests
681 3181 793 3229 huntono
804 3181 873 3229 calce.
962 3187 988 3232 8.

70 3268 89 3302 2.
103 3247 169 3310 conj.
182 3248 272 3296 umbro
284 3249 322 3296 for
333 3261 407 3296 antra.
510 3251 551 3296 10.
569 3254 673 3311 uterque
685 3249 722 3296 tt.
812 3248 853 3294 12.
870 3246 924 3296 abit
934 3249 991 3298 NV

70 3317 148 3366 tDE'
161 3315 219 3364 Bae.

487 3415 537 3457 Eo
