<?xml version="1.0" encoding="UTF-8"?>
<!DOCTYPE html PUBLIC "-//W3C//DTD XHTML 1.0 Transitional//EN"
    "http://www.w3.org/TR/xhtml1/DTD/xhtml1-transitional.dtd">
<html xmlns="http://www.w3.org/1999/xhtml" xml:lang="en" lang="en">
 <head>
  <title>
</title>
<meta http-equiv="Content-Type" content="text/html;charset=utf-8" />
  <meta name='ocr-system' content='tesseract 3.04.00' />
  <meta name='ocr-capabilities' content='ocr_page ocr_carea ocr_par ocr_line ocrx_word'/>
</head>
<body>
  <div class='ocr_page' id='page_1' title='image "./selectionsfromt00propgoog_0079.png"; bbox 0 0 2228 3712; ppageno 0'>
   <div class='ocr_carea' id='block_1_1' title="bbox 80 161 766 234">
    <p class='ocr_par' dir='ltr' id='par_1_1' title="bbox 80 161 766 234">
     <span class='ocr_line' id='line_1_1' title="bbox 80 161 766 234; baseline 0.001 -18"><span class='ocrx_word' id='word_1_1' title='bbox 80 171 117 217; x_wconf 82' lang='lat'><strong>12</strong></span> <span class='ocrx_word' id='word_1_2' title='bbox 332 161 547 229; x_wconf 79' lang='lat' dir='ltr'><em>TIBULLUS,</em></span> <span class='ocrx_word' id='word_1_3' title='bbox 569 167 593 218; x_wconf 93' lang='lat' dir='ltr'><strong>r.</strong></span> <span class='ocrx_word' id='word_1_4' title='bbox 611 167 650 234; x_wconf 89' lang='lat'><strong>7.,</strong></span> <span class='ocrx_word' id='word_1_5' title='bbox 665 178 766 229; x_wconf 82' lang='lat'><strong>31-50.</strong></span> 
     </span>
    </p>
   </div>
   <div class='ocr_carea' id='block_1_2' title="bbox 158 324 1027 1486">
    <p class='ocr_par' dir='ltr' id='par_1_2' title="bbox 158 324 874 502">
     <span class='ocr_line' id='line_1_2' title="bbox 158 324 874 402; baseline 0 -17"><span class='ocrx_word' id='word_1_6' title='bbox 158 325 272 385; x_wconf 89' lang='lat' dir='ltr'><strong>Primus</strong></span> <span class='ocrx_word' id='word_1_7' title='bbox 292 325 458 402; x_wconf 84' lang='lat' dir='ltr'><strong>inexpertae</strong></span> <span class='ocrx_word' id='word_1_8' title='bbox 480 324 626 384; x_wconf 88' lang='lat' dir='ltr'><strong>commisit</strong></span> <span class='ocrx_word' id='word_1_9' title='bbox 646 325 758 384; x_wconf 89' lang='lat' dir='ltr'><strong>semina</strong></span> <span class='ocrx_word' id='word_1_10' title='bbox 778 335 874 385; x_wconf 86' lang='lat' dir='ltr'><strong>terrae</strong></span> 
     </span>
     <span class='ocr_line' id='line_1_3' title="bbox 200 423 860 502; baseline 0.003 -20"><span class='ocrx_word' id='word_1_11' title='bbox 200 424 351 502; x_wconf 87' lang='lat' dir='ltr'><strong>Pomaque</strong></span> <span class='ocrx_word' id='word_1_12' title='bbox 371 441 434 482; x_wconf 91' lang='lat' dir='ltr'><strong>non</strong></span> <span class='ocrx_word' id='word_1_13' title='bbox 454 423 530 483; x_wconf 92' lang='lat' dir='ltr'><strong>notis</strong></span> <span class='ocrx_word' id='word_1_14' title='bbox 552 423 620 501; x_wconf 85' lang='lat' dir='ltr'><strong>legit</strong></span> <span class='ocrx_word' id='word_1_15' title='bbox 641 424 678 482; x_wconf 90' lang='lat' dir='ltr'><strong>ab</strong></span> <span class='ocrx_word' id='word_1_16' title='bbox 699 423 860 484; x_wconf 87' lang='lat' dir='ltr'><strong>arboribus.</strong></span> 
     </span>
    </p>

    <p class='ocr_par' dir='ltr' id='par_1_3' title="bbox 159 521 893 693">
     <span class='ocr_line' id='line_1_4' title="bbox 159 521 885 599; baseline -0.003 -17"><span class='ocrx_word' id='word_1_17' title='bbox 159 523 219 583; x_wconf 93' lang='lat' dir='ltr'><strong>Hic</strong></span> <span class='ocrx_word' id='word_1_18' title='bbox 241 523 339 582; x_wconf 90' lang='lat' dir='ltr'><strong>docuit</strong></span> <span class='ocrx_word' id='word_1_19' title='bbox 359 531 490 581; x_wconf 88' lang='lat' dir='ltr'><strong>teneram</strong></span> <span class='ocrx_word' id='word_1_20' title='bbox 510 521 583 599; x_wconf 93' lang='lat' dir='ltr'><strong>palis</strong></span> <span class='ocrx_word' id='word_1_21' title='bbox 604 521 762 599; x_wconf 84' lang='lat' dir='ltr'><strong>adiungere</strong></span> <span class='ocrx_word' id='word_1_22' title='bbox 782 521 885 596; x_wconf 88' lang='lat' dir='ltr'><strong>vitem,</strong></span> 
     </span>
     <span class='ocr_line' id='line_1_5' title="bbox 201 612 893 693; baseline 0 -14"><span class='ocrx_word' id='word_1_23' title='bbox 201 621 261 679; x_wconf 92' lang='lat' dir='ltr'><strong>Hic</strong></span> <span class='ocrx_word' id='word_1_24' title='bbox 281 618 402 678; x_wconf 91' lang='lat' dir='ltr'><strong>viridem</strong></span> <span class='ocrx_word' id='word_1_25' title='bbox 423 612 495 678; x_wconf 70' lang='lat' dir='ltr'><strong>dura</strong></span> <span class='ocrx_word' id='word_1_26' title='bbox 516 618 638 679; x_wconf 89' lang='lat' dir='ltr'><strong>caedere</strong></span> <span class='ocrx_word' id='word_1_27' title='bbox 658 618 734 680; x_wconf 83' lang='lat' dir='ltr'><strong>falce</strong></span> <span class='ocrx_word' id='word_1_28' title='bbox 755 637 893 693; x_wconf 91' lang='lat' dir='ltr'><strong>comam;</strong></span> 
     </span>
    </p>

    <p class='ocr_par' dir='ltr' id='par_1_4' title="bbox 160 712 1024 894">
     <span class='ocr_line' id='line_1_6' title="bbox 160 712 1024 796; baseline 0 -18"><span class='ocrx_word' id='word_1_29' title='bbox 160 719 203 778; x_wconf 91' lang='lat' dir='ltr'><strong>Illi</strong></span> <span class='ocrx_word' id='word_1_30' title='bbox 225 719 370 778; x_wconf 92' lang='lat' dir='ltr'><strong>iucundos</strong></span> <span class='ocrx_word' id='word_1_31' title='bbox 389 718 517 795; x_wconf 91' lang='lat' dir='ltr'><strong>primum</strong></span> <span class='ocrx_word' id='word_1_32' title='bbox 538 712 651 778; x_wconf 83' lang='lat' dir='ltr'><strong>matura&#39;</strong></span> <span class='ocrx_word' id='word_1_33' title='bbox 671 737 790 796; x_wconf 90' lang='lat' dir='ltr'><strong>sapores</strong></span> <span class='ocrx_word' id='word_1_34' title='bbox 994 734 1024 796; x_wconf 81' lang='lat'><strong>35</strong></span> 
     </span>
     <span class='ocr_line' id='line_1_7' title="bbox 200 816 875 894; baseline 0.001 -20"><span class='ocrx_word' id='word_1_35' title='bbox 200 816 347 893; x_wconf 86' lang='lat' dir='ltr'><strong>Expressa</strong></span> <span class='ocrx_word' id='word_1_36' title='bbox 368 816 481 876; x_wconf 90' lang='lat' dir='ltr'><strong>incultis</strong></span> <span class='ocrx_word' id='word_1_37' title='bbox 501 836 558 876; x_wconf 91' lang='lat' dir='ltr'><strong>uva</strong></span> <span class='ocrx_word' id='word_1_38' title='bbox 579 816 657 877; x_wconf 92' lang='lat' dir='ltr'><strong>dedit</strong></span> <span class='ocrx_word' id='word_1_39' title='bbox 677 817 820 894; x_wconf 84' lang='lat' dir='ltr'><strong>pedibus3</strong></span> <span class='ocrx_word' id='word_1_40' title='bbox 872 840 875 845; x_wconf 93' lang='lat'>·</span> 
     </span>
    </p>

    <p class='ocr_par' dir='ltr' id='par_1_5' title="bbox 160 915 932 1076">
     <span class='ocr_line' id='line_1_8' title="bbox 160 915 844 994; baseline -0.004 -17"><span class='ocrx_word' id='word_1_41' title='bbox 160 917 213 977; x_wconf 88' lang='lat' dir='ltr'><strong>Ille</strong></span> <span class='ocrx_word' id='word_1_42' title='bbox 234 917 329 994; x_wconf 94' lang='lat' dir='ltr'><strong>liquor</strong></span> <span class='ocrx_word' id='word_1_43' title='bbox 350 915 449 976; x_wconf 92' lang='lat' dir='ltr'><strong>docuit</strong></span> <span class='ocrx_word' id='word_1_44' title='bbox 470 934 557 975; x_wconf 92' lang='lat' dir='ltr'><strong>voces</strong></span> <span class='ocrx_word' id='word_1_45' title='bbox 578 916 724 976; x_wconf 87' lang='lat' dir='ltr'><strong>inflectere</strong></span> <span class='ocrx_word' id='word_1_46' title='bbox 746 927 844 987; x_wconf 85' lang='lat' dir='ltr'><strong>cantu,</strong></span> 
     </span>
     <span class='ocr_line' id='line_1_9' title="bbox 201 1013 932 1076; baseline 0.005 -4"><span class='ocrx_word' id='word_1_47' title='bbox 201 1014 295 1074; x_wconf 93' lang='lat' dir='ltr'><strong>Movit</strong></span> <span class='ocrx_word' id='word_1_48' title='bbox 315 1024 343 1073; x_wconf 91' lang='lat' dir='ltr'><strong>et</strong></span> <span class='ocrx_word' id='word_1_49' title='bbox 364 1014 402 1074; x_wconf 86' lang='lat' dir='ltr'><strong>ad</strong></span> <span class='ocrx_word' id='word_1_50' title='bbox 423 1023 517 1074; x_wconf 90' lang='lat' dir='ltr'><strong>certos</strong></span> <span class='ocrx_word' id='word_1_51' title='bbox 539 1015 637 1074; x_wconf 84' lang='lat' dir='ltr'><strong>nescia</strong></span> <span class='ocrx_word' id='word_1_52' title='bbox 657 1016 791 1074; x_wconf 90' lang='lat' dir='ltr'><strong>membra</strong></span> <span class='ocrx_word' id='word_1_53' title='bbox 810 1013 932 1076; x_wconf 88' lang='lat' dir='ltr'><strong>modos.</strong></span> 
     </span>
    </p>

    <p class='ocr_par' dir='ltr' id='par_1_6' title="bbox 160 1112 1027 1286">
     <span class='ocr_line' id='line_1_10' title="bbox 160 1112 923 1190; baseline 0.003 -18"><span class='ocrx_word' id='word_1_54' title='bbox 160 1113 294 1174; x_wconf 91' lang='lat' dir='ltr'><strong>Bacchus</strong></span> <span class='ocrx_word' id='word_1_55' title='bbox 314 1123 343 1173; x_wconf 90' lang='lat' dir='ltr'><strong>et</strong></span> <span class='ocrx_word' id='word_1_56' title='bbox 364 1113 509 1190; x_wconf 84' lang='lat' dir='ltr'><strong>agricolae</strong></span> <span class='ocrx_word' id='word_1_57' title='bbox 530 1130 640 1190; x_wconf 83' lang='lat' dir='ltr'><strong>magno</strong></span> <span class='ocrx_word' id='word_1_58' title='bbox 661 1112 797 1173; x_wconf 85' lang='lat' dir='ltr'><strong>confecta</strong></span> <span class='ocrx_word' id='word_1_59' title='bbox 818 1113 923 1174; x_wconf 90' lang='lat' dir='ltr'><strong>labore</strong></span> 
     </span>
     <span class='ocr_line' id='line_1_11' title="bbox 200 1211 1027 1286; baseline 0 -14"><span class='ocrx_word' id='word_1_60' title='bbox 200 1212 324 1272; x_wconf 88' lang='lat' dir='ltr'><strong>Pectora</strong></span> <span class='ocrx_word' id='word_1_61' title='bbox 346 1213 475 1271; x_wconf 85' lang='lat' dir='ltr'><strong>tristitiae</strong></span> <span class='ocrx_word' id='word_1_62' title='bbox 496 1211 683 1271; x_wconf 89' lang='lat' dir='ltr'><strong>dissoluenda</strong></span> <span class='ocrx_word' id='word_1_63' title='bbox 704 1212 803 1271; x_wconf 72' lang='lat' dir='ltr'><strong>dedita</strong></span> <span class='ocrx_word' id='word_1_64' title='bbox 994 1232 1027 1286; x_wconf 79' lang='lat'><strong>40</strong></span> 
     </span>
    </p>

    <p class='ocr_par' dir='ltr' id='par_1_7' title="bbox 160 1310 934 1486">
     <span class='ocr_line' id='line_1_12' title="bbox 160 1310 934 1389; baseline 0 -19"><span class='ocrx_word' id='word_1_65' title='bbox 160 1311 295 1371; x_wconf 89' lang='lat' dir='ltr'><strong>Bacchus</strong></span> <span class='ocrx_word' id='word_1_66' title='bbox 316 1321 343 1370; x_wconf 90' lang='lat' dir='ltr'><strong>et</strong></span> <span class='ocrx_word' id='word_1_67' title='bbox 363 1310 475 1370; x_wconf 89' lang='lat' dir='ltr'><strong>afflictis</strong></span> <span class='ocrx_word' id='word_1_68' title='bbox 496 1311 626 1389; x_wconf 91' lang='lat' dir='ltr'><strong>requiem</strong></span> <span class='ocrx_word' id='word_1_69' title='bbox 647 1310 817 1369; x_wconf 86' lang='lat' dir='ltr'><strong>mortalibus</strong></span> <span class='ocrx_word' id='word_1_70' title='bbox 837 1310 934 1383; x_wconf 86' lang='lat' dir='ltr'><strong>affert,</strong></span> 
     </span>
     <span class='ocr_line' id='line_1_13' title="bbox 202 1400 880 1486; baseline -0.001 -16"><span class='ocrx_word' id='word_1_71' title='bbox 202 1409 297 1470; x_wconf 89' lang='lat' dir='ltr'><strong>Crura</strong></span> <span class='ocrx_word' id='word_1_72' title='bbox 317 1409 384 1470; x_wconf 90' lang='lat' dir='ltr'><strong>licet</strong></span> <span class='ocrx_word' id='word_1_73' title='bbox 405 1404 478 1469; x_wconf 72' lang='lat' dir='ltr'><strong>dura&#39;</strong></span> <span class='ocrx_word' id='word_1_74' title='bbox 499 1408 640 1486; x_wconf 87' lang='lat' dir='ltr'><strong>compede</strong></span> <span class='ocrx_word' id='word_1_75' title='bbox 659 1400 745 1486; x_wconf 78' lang='lat' dir='ltr'><strong>pulsa&#39;</strong></span> <span class='ocrx_word' id='word_1_76' title='bbox 766 1417 880 1470; x_wconf 89' lang='lat' dir='ltr'><strong>sonent.</strong></span> 
     </span>
    </p>
   </div>
   <div class='ocr_carea' id='block_1_3' title="bbox 78 1593 990 1798">
    <p class='ocr_par' dir='ltr' id='par_1_8' title="bbox 78 1593 990 1798">
     <span class='ocr_line' id='line_1_14' title="bbox 78 1593 990 1660; baseline 0 -16"><span class='ocrx_word' id='word_1_77' title='bbox 78 1599 199 1644; x_wconf 72' lang='lat'><strong>43-48.</strong></span> <span class='ocrx_word' id='word_1_78' title='bbox 216 1594 269 1644; x_wconf 86' lang='lat' dir='ltr'><strong>Not</strong></span> <span class='ocrx_word' id='word_1_79' title='bbox 283 1609 339 1643; x_wconf 86' lang='lat' dir='ltr'><strong>care</strong></span> <span class='ocrx_word' id='word_1_80' title='bbox 354 1593 410 1642; x_wconf 84' lang='lat' dir='ltr'><strong>and</strong></span> <span class='ocrx_word' id='word_1_81' title='bbox 419 1595 494 1660; x_wconf 79' lang='lat' dir='ltr'><strong>grief</strong></span> <span class='ocrx_word' id='word_1_82' title='bbox 497 1611 541 1644; x_wconf 83' lang='lat' dir='ltr'><strong>are</strong></span> <span class='ocrx_word' id='word_1_83' title='bbox 557 1593 634 1649; x_wconf 72' lang='lat' dir='ltr'><strong>tuine,</strong></span> <span class='ocrx_word' id='word_1_84' title='bbox 653 1593 743 1654; x_wconf 67' lang='lat' dir='ltr'><strong>oure,</strong></span> <span class='ocrx_word' id='word_1_85' title='bbox 759 1593 804 1642; x_wconf 82' lang='lat' dir='ltr'><strong>but</strong></span> <span class='ocrx_word' id='word_1_86' title='bbox 818 1593 917 1644; x_wconf 71' lang='lat' dir='ltr'><strong>channe</strong></span> <span class='ocrx_word' id='word_1_87' title='bbox 932 1596 990 1644; x_wconf 88' lang='lat' dir='ltr'><strong>and</strong></span> 
     </span>
     <span class='ocr_line' id='line_1_15' title="bbox 160 1670 987 1737; baseline 0.004 -17"><span class='ocrx_word' id='word_1_88' title='bbox 160 1671 237 1721; x_wconf 86' lang='lat' dir='ltr'><strong>dance</strong></span> <span class='ocrx_word' id='word_1_89' title='bbox 255 1672 310 1720; x_wconf 80' lang='lat' dir='ltr'><strong>and</strong></span> <span class='ocrx_word' id='word_1_90' title='bbox 329 1672 387 1731; x_wconf 79' lang='lat' dir='ltr'><strong>love,</strong></span> <span class='ocrx_word' id='word_1_91' title='bbox 406 1671 451 1721; x_wconf 87' lang='lat' dir='ltr'><strong>but</strong></span> <span class='ocrx_word' id='word_1_92' title='bbox 456 1672 562 1737; x_wconf 83' lang='lat' dir='ltr'><strong>flowers</strong></span> <span class='ocrx_word' id='word_1_93' title='bbox 578 1671 633 1720; x_wconf 86' lang='lat' dir='ltr'><strong>and</strong></span> <span class='ocrx_word' id='word_1_94' title='bbox 637 1670 752 1736; x_wconf 83' lang='lat' dir='ltr'><strong>flowing</strong></span> <span class='ocrx_word' id='word_1_95' title='bbox 764 1670 838 1732; x_wconf 81' lang='lat' dir='ltr'><strong>robes,</strong></span> <span class='ocrx_word' id='word_1_96' title='bbox 855 1671 987 1737; x_wconf 62' lang='lat' dir='ltr'><strong>sffistute</strong></span> 
     </span>
     <span class='ocr_line' id='line_1_16' title="bbox 161 1748 389 1798; baseline 0.004 -1"><span class='ocrx_word' id='word_1_97' title='bbox 161 1748 217 1798; x_wconf 78' lang='lat' dir='ltr'><strong>and</strong></span> <span class='ocrx_word' id='word_1_98' title='bbox 224 1748 311 1798; x_wconf 85' lang='lat' dir='ltr'><strong>sacred</strong></span> <span class='ocrx_word' id='word_1_99' title='bbox 318 1749 389 1798; x_wconf 76' lang='lat' dir='ltr'><strong>chest.</strong></span> 
     </span>
    </p>
   </div>
   <div class='ocr_carea' id='block_1_4' title="bbox 160 1873 1035 2428">
    <p class='ocr_par' dir='ltr' id='par_1_9' title="bbox 161 1873 935 2050">
     <span class='ocr_line' id='line_1_17' title="bbox 161 1873 930 1949; baseline 0 -14"><span class='ocrx_word' id='word_1_100' title='bbox 161 1875 232 1935; x_wconf 93' lang='lat' dir='ltr'><strong>Non</strong></span> <span class='ocrx_word' id='word_1_101' title='bbox 253 1876 306 1935; x_wconf 92' lang='lat' dir='ltr'><strong>tibi</strong></span> <span class='ocrx_word' id='word_1_102' title='bbox 328 1884 395 1935; x_wconf 90' lang='lat' dir='ltr'><strong>sunt</strong></span> <span class='ocrx_word' id='word_1_103' title='bbox 414 1877 509 1935; x_wconf 90' lang='lat' dir='ltr'><strong>tristes</strong></span> <span class='ocrx_word' id='word_1_104' title='bbox 530 1894 616 1934; x_wconf 88' lang='lat' dir='ltr'><strong>curae</strong></span> <span class='ocrx_word' id='word_1_105' title='bbox 638 1892 693 1934; x_wconf 90' lang='lat' dir='ltr'><strong>nec</strong></span> <span class='ocrx_word' id='word_1_106' title='bbox 714 1873 820 1946; x_wconf 89' lang='lat' dir='ltr'><strong>luctus,</strong></span> <span class='ocrx_word' id='word_1_107' title='bbox 841 1873 930 1949; x_wconf 89' lang='lat' dir='ltr'><strong>Osiri,</strong></span> 
     </span>
     <span class='ocr_line' id='line_1_18' title="bbox 204 1973 935 2050; baseline -0.001 -17"><span class='ocrx_word' id='word_1_108' title='bbox 204 1974 263 2033; x_wconf 91' lang='lat' dir='ltr'><strong>Sed</strong></span> <span class='ocrx_word' id='word_1_109' title='bbox 284 1974 391 2034; x_wconf 92' lang='lat' dir='ltr'><strong>chorus</strong></span> <span class='ocrx_word' id='word_1_110' title='bbox 412 1985 440 2032; x_wconf 92' lang='lat' dir='ltr'><strong>et</strong></span> <span class='ocrx_word' id='word_1_111' title='bbox 461 1985 564 2033; x_wconf 85' lang='lat' dir='ltr'><strong>cantus</strong></span> <span class='ocrx_word' id='word_1_112' title='bbox 585 1983 614 2032; x_wconf 93' lang='lat' dir='ltr'><strong>et</strong></span> <span class='ocrx_word' id='word_1_113' title='bbox 635 1973 705 2032; x_wconf 89' lang='lat' dir='ltr'><strong>levis</strong></span> <span class='ocrx_word' id='word_1_114' title='bbox 726 1983 810 2050; x_wconf 91' lang='lat' dir='ltr'><strong>aptus</strong></span> <span class='ocrx_word' id='word_1_115' title='bbox 832 1991 935 2047; x_wconf 89' lang='lat' dir='ltr'><strong>amor;</strong></span> 
     </span>
    </p>

    <p class='ocr_par' dir='ltr' id='par_1_10' title="bbox 161 2071 1035 2247">
     <span class='ocr_line' id='line_1_19' title="bbox 161 2071 1035 2157; baseline -0.003 -24"><span class='ocrx_word' id='word_1_116' title='bbox 161 2073 220 2134; x_wconf 90' lang='lat' dir='ltr'><strong>Sed</strong></span> <span class='ocrx_word' id='word_1_117' title='bbox 241 2073 312 2131; x_wconf 87' lang='lat' dir='ltr'><strong>van&#39;i</strong></span> <span class='ocrx_word' id='word_1_118' title='bbox 332 2072 419 2131; x_wconf 90' lang='lat' dir='ltr'><strong>flores</strong></span> <span class='ocrx_word' id='word_1_119' title='bbox 440 2083 468 2131; x_wconf 92' lang='lat' dir='ltr'><strong>et</strong></span> <span class='ocrx_word' id='word_1_120' title='bbox 487 2071 569 2130; x_wconf 86' lang='lat' dir='ltr'><strong>frons</strong></span> <span class='ocrx_word' id='word_1_121' title='bbox 590 2072 722 2131; x_wconf 90' lang='lat' dir='ltr'><strong>redimita</strong></span> <span class='ocrx_word' id='word_1_122' title='bbox 743 2072 900 2157; x_wconf 67' lang='lat' dir='ltr'><strong>corymbis</strong></span> <span class='ocrx_word' id='word_1_123' title='bbox 998 2088 1035 2148; x_wconf 83' lang='lat'><strong>45</strong></span> 
     </span>
     <span class='ocr_line' id='line_1_20' title="bbox 201 2154 867 2247; baseline 0 -18"><span class='ocrx_word' id='word_1_124' title='bbox 201 2172 279 2231; x_wconf 84' lang='lat' dir='ltr'><strong>Fusa</strong></span> <span class='ocrx_word' id='word_1_125' title='bbox 300 2168 352 2231; x_wconf 91' lang='lat' dir='ltr'><strong>sed</strong></span> <span class='ocrx_word' id='word_1_126' title='bbox 374 2170 412 2230; x_wconf 98' lang='lat' dir='ltr'><strong>ad</strong></span> <span class='ocrx_word' id='word_1_127' title='bbox 432 2179 548 2230; x_wconf 90' lang='lat' dir='ltr'><strong>teneros</strong></span> <span class='ocrx_word' id='word_1_128' title='bbox 568 2163 646 2229; x_wconf 74' lang='lat' dir='ltr'><strong>lutea</strong></span> <span class='ocrx_word' id='word_1_129' title='bbox 664 2169 740 2247; x_wconf 89' lang='lat' dir='ltr'><strong>palla</strong></span> <span class='ocrx_word' id='word_1_130' title='bbox 760 2154 867 2247; x_wconf 55' lang='lat' dir='ltr'><strong>oedem</strong></span> 
     </span>
    </p>

    <p class='ocr_par' dir='ltr' id='par_1_11' title="bbox 160 2268 825 2428">
     <span class='ocr_line' id='line_1_21' title="bbox 160 2268 810 2347; baseline -0.006 -17"><span class='ocrx_word' id='word_1_131' title='bbox 160 2271 200 2330; x_wconf 90' lang='lat' dir='ltr'><strong>Et</strong></span> <span class='ocrx_word' id='word_1_132' title='bbox 220 2270 327 2347; x_wconf 87' lang='lat' dir='ltr'><strong>Tyriae</strong></span> <span class='ocrx_word' id='word_1_133' title='bbox 349 2279 441 2328; x_wconf 91' lang='lat' dir='ltr'><strong>vestes</strong></span> <span class='ocrx_word' id='word_1_134' title='bbox 463 2279 492 2328; x_wconf 92' lang='lat' dir='ltr'><strong>et</strong></span> <span class='ocrx_word' id='word_1_135' title='bbox 513 2268 604 2328; x_wconf 90' lang='lat' dir='ltr'><strong>dulcis</strong></span> <span class='ocrx_word' id='word_1_136' title='bbox 624 2269 694 2327; x_wconf 91' lang='lat' dir='ltr'><strong>tibia</strong></span> <span class='ocrx_word' id='word_1_137' title='bbox 715 2278 810 2341; x_wconf 89' lang='lat' dir='ltr'><strong>cantu,</strong></span> 
     </span>
     <span class='ocr_line' id='line_1_22' title="bbox 203 2367 825 2428; baseline -0.005 0"><span class='ocrx_word' id='word_1_138' title='bbox 203 2368 243 2428; x_wconf 87' lang='lat' dir='ltr'><strong>Et</strong></span> <span class='ocrx_word' id='word_1_139' title='bbox 263 2369 333 2428; x_wconf 92' lang='lat' dir='ltr'><strong>levis</strong></span> <span class='ocrx_word' id='word_1_140' title='bbox 354 2368 475 2427; x_wconf 92' lang='lat' dir='ltr'><strong>occultis</strong></span> <span class='ocrx_word' id='word_1_141' title='bbox 496 2368 615 2427; x_wconf 89' lang='lat' dir='ltr'><strong>conscia</strong></span> <span class='ocrx_word' id='word_1_142' title='bbox 636 2368 707 2426; x_wconf 91' lang='lat' dir='ltr'><strong>cista</strong></span> <span class='ocrx_word' id='word_1_143' title='bbox 728 2367 825 2426; x_wconf 92' lang='lat' dir='ltr'><strong>sacris.</strong></span> 
     </span>
    </p>
   </div>
   <div class='ocr_carea' id='block_1_5' title="bbox 80 2548 992 2773">
    <p class='ocr_par' dir='ltr' id='par_1_12' title="bbox 80 2548 992 2773">
     <span class='ocr_line' id='line_1_23' title="bbox 80 2548 988 2614; baseline -0.002 -11"><span class='ocrx_word' id='word_1_144' title='bbox 80 2558 202 2603; x_wconf 74' lang='lat'>40-54.</span> <span class='ocrx_word' id='word_1_145' title='bbox 219 2551 316 2601; x_wconf 78' lang='lat' dir='ltr'><strong>Hither</strong></span> <span class='ocrx_word' id='word_1_146' title='bbox 333 2551 392 2601; x_wconf 79' lang='lat' dir='ltr'><strong>then</strong></span> <span class='ocrx_word' id='word_1_147' title='bbox 414 2558 438 2600; x_wconf 85' lang='lat' dir='ltr'><strong>to</strong></span> <span class='ocrx_word' id='word_1_148' title='bbox 456 2551 554 2600; x_wconf 74' lang='lat' dir='ltr'><strong>honour</strong></span> <span class='ocrx_word' id='word_1_149' title='bbox 571 2550 612 2600; x_wconf 81' lang='lat' dir='ltr'><strong>the</strong></span> <span class='ocrx_word' id='word_1_150' title='bbox 631 2550 726 2600; x_wconf 80' lang='lat' dir='ltr'><strong>Genius</strong></span> <span class='ocrx_word' id='word_1_151' title='bbox 748 2548 781 2614; x_wconf 87' lang='lat' dir='ltr'><strong>of</strong></span> <span class='ocrx_word' id='word_1_152' title='bbox 792 2549 833 2599; x_wconf 85' lang='lat' dir='ltr'><strong>the</strong></span> <span class='ocrx_word' id='word_1_153' title='bbox 850 2550 901 2613; x_wconf 84' lang='lat' dir='ltr'><strong>day</strong></span> <span class='ocrx_word' id='word_1_154' title='bbox 920 2552 988 2601; x_wconf 79' lang='lat' dir='ltr'><strong>with</strong></span> 
     </span>
     <span class='ocr_line' id='line_1_24' title="bbox 162 2628 992 2705; baseline 0.002 -26"><span class='ocrx_word' id='word_1_155' title='bbox 162 2636 231 2694; x_wconf 78' lang='lat' dir='ltr'><strong>spurt</strong></span> <span class='ocrx_word' id='word_1_156' title='bbox 246 2629 301 2679; x_wconf 87' lang='lat' dir='ltr'><strong>and</strong></span> <span class='ocrx_word' id='word_1_157' title='bbox 314 2629 397 2685; x_wconf 71' lang='lat' dir='ltr'><strong>datur,</strong></span> <span class='ocrx_word' id='word_1_158' title='bbox 409 2629 472 2678; x_wconf 74' lang='lat' dir='ltr'><strong>wille</strong></span> <span class='ocrx_word' id='word_1_159' title='bbox 484 2628 601 2705; x_wconf 65' lang='lat' dir='ltr'><strong>perfurere</strong></span> <span class='ocrx_word' id='word_1_160' title='bbox 617 2629 672 2678; x_wconf 85' lang='lat' dir='ltr'><strong>aud</strong></span> <span class='ocrx_word' id='word_1_161' title='bbox 685 2628 749 2678; x_wconf 74' lang='lat' dir='ltr'><strong>nitu</strong></span> <span class='ocrx_word' id='word_1_162' title='bbox 762 2628 876 2693; x_wconf 76' lang='lat' dir='ltr'><strong>cnaplu!</strong></span> <span class='ocrx_word' id='word_1_163' title='bbox 890 2644 917 2678; x_wconf 88' lang='lat' dir='ltr'><strong>so</strong></span> <span class='ocrx_word' id='word_1_164' title='bbox 928 2630 992 2682; x_wconf 82' lang='lat' dir='ltr'><strong>will</strong></span> 
     </span>
     <span class='ocr_line' id='line_1_25' title="bbox 162 2707 422 2773; baseline -0.008 -15"><span class='ocrx_word' id='word_1_165' title='bbox 162 2710 238 2773; x_wconf 81' lang='lat' dir='ltr'><em>Ipay</em></span> <span class='ocrx_word' id='word_1_166' title='bbox 248 2708 301 2757; x_wconf 78' lang='lat' dir='ltr'><strong>thee</strong></span> <span class='ocrx_word' id='word_1_167' title='bbox 312 2708 356 2770; x_wconf 79' lang='lat' dir='ltr'><strong>thy</strong></span> <span class='ocrx_word' id='word_1_168' title='bbox 367 2707 422 2756; x_wconf 87' lang='lat' dir='ltr'><strong>due.</strong></span> 
     </span>
    </p>
   </div>
   <div class='ocr_carea' id='block_1_6' title="bbox 163 2835 1039 3013">
    <p class='ocr_par' dir='ltr' id='par_1_13' title="bbox 163 2835 1039 3013">
     <span class='ocr_line' id='line_1_26' title="bbox 163 2835 952 2914; baseline -0.003 -16"><span class='ocrx_word' id='word_1_169' title='bbox 163 2839 233 2898; x_wconf 91' lang='lat' dir='ltr'><strong>Huc</strong></span> <span class='ocrx_word' id='word_1_170' title='bbox 257 2837 326 2896; x_wconf 92' lang='lat' dir='ltr'><strong>ades</strong></span> <span class='ocrx_word' id='word_1_171' title='bbox 347 2847 376 2897; x_wconf 90' lang='lat' dir='ltr'><strong>et</strong></span> <span class='ocrx_word' id='word_1_172' title='bbox 398 2835 527 2896; x_wconf 90' lang='lat' dir='ltr'><strong>Genium</strong></span> <span class='ocrx_word' id='word_1_173' title='bbox 548 2836 618 2896; x_wconf 95' lang='lat' dir='ltr'><strong>ludo</strong></span> <span class='ocrx_word' id='word_1_174' title='bbox 640 2845 816 2914; x_wconf 89' lang='lat' dir='ltr'><strong>centumque</strong></span> <span class='ocrx_word' id='word_1_175' title='bbox 837 2835 952 2897; x_wconf 88' lang='lat' dir='ltr'><strong>choreis</strong></span> 
     </span>
     <span class='ocr_line' id='line_1_27' title="bbox 199 2934 1039 3013; baseline -0.001 -15"><span class='ocrx_word' id='word_1_176' title='bbox 199 2936 382 2998; x_wconf 88' lang='lat' dir='ltr'><strong>Concelebra</strong></span> <span class='ocrx_word' id='word_1_177' title='bbox 403 2946 430 2994; x_wconf 96' lang='lat' dir='ltr'><strong>et</strong></span> <span class='ocrx_word' id='word_1_178' title='bbox 451 2935 544 2995; x_wconf 92' lang='lat' dir='ltr'><strong>multo</strong></span> <span class='ocrx_word' id='word_1_179' title='bbox 565 2945 700 3012; x_wconf 88' lang='lat' dir='ltr'><strong>tempora</strong></span> <span class='ocrx_word' id='word_1_180' title='bbox 720 2934 809 2993; x_wconf 90' lang='lat' dir='ltr'><strong>funde</strong></span> <span class='ocrx_word' id='word_1_181' title='bbox 831 2953 933 2995; x_wconf 90' lang='lat' dir='ltr'><strong>mero:</strong></span> <span class='ocrx_word' id='word_1_182' title='bbox 998 2954 1039 3013; x_wconf 88' lang='lat'><strong>50</strong></span> 
     </span>
    </p>
   </div>
   <div class='ocr_carea' id='block_1_7' title="bbox 80 3115 1040 3380">
    <p class='ocr_par' dir='ltr' id='par_1_14' title="bbox 80 3115 1040 3380">
     <span class='ocr_line' id='line_1_28' title="bbox 115 3115 1040 3180; baseline -0.009 -11"><span class='ocrx_word' id='word_1_183' title='bbox 115 3123 160 3170; x_wconf 84' lang='lat'><strong>³5.</strong></span> <span class='ocrx_word' id='word_1_184' title='bbox 177 3118 292 3168; x_wconf 80' lang='lat' dir='ltr'><strong>iucundos</strong></span> <span class='ocrx_word' id='word_1_185' title='bbox 304 3116 367 3166; x_wconf 86' lang='lat' dir='ltr'><strong>Fris.</strong></span> <span class='ocrx_word' id='word_1_186' title='bbox 456 3118 501 3164; x_wconf 78' lang='lat'><strong>42.</strong></span> <span class='ocrx_word' id='word_1_187' title='bbox 519 3115 665 3179; x_wconf 75' lang='lat' dir='ltr'><strong>compedeG</strong></span> <span class='ocrx_word' id='word_1_188' title='bbox 707 3115 805 3180; x_wconf 82' lang='lat' dir='ltr'><strong>cuspide</strong></span> <span class='ocrx_word' id='word_1_189' title='bbox 816 3116 900 3165; x_wconf 78' lang='lat' dir='ltr'><strong>sz.</strong></span> <span class='ocrx_word' id='word_1_190' title='bbox 992 3120 1040 3172; x_wconf 75' lang='lat'><strong>47.</strong></span> 
     </span>
     <span class='ocr_line' id='line_1_29' title="bbox 82 3180 1040 3235; baseline -0.001 -1"><span class='ocrx_word' id='word_1_191' title='bbox 82 3188 141 3235; x_wconf 87' lang='lat' dir='ltr'><strong>etO</strong></span> <span class='ocrx_word' id='word_1_192' title='bbox 178 3192 214 3234; x_wconf 88' lang='lat' dir='ltr'><strong>set</strong></span> <span class='ocrx_word' id='word_1_193' title='bbox 224 3185 283 3233; x_wconf 90' lang='lat' dir='ltr'><strong>Bae.</strong></span> <span class='ocrx_word' id='word_1_194' title='bbox 333 3182 479 3232; x_wconf 79' lang='lat' dir='ltr'><strong>dulcisAV</strong></span> <span class='ocrx_word' id='word_1_195' title='bbox 511 3180 581 3229; x_wconf 82' lang='lat' dir='ltr'><strong>dulci</strong></span> <span class='ocrx_word' id='word_1_196' title='bbox 592 3183 625 3230; x_wconf 76' lang='lat' dir='ltr'><strong>G.</strong></span> <span class='ocrx_word' id='word_1_197' title='bbox 707 3180 1040 3233; x_wconf 80' lang='lat' dir='ltr'><strong>49.1haveventured0n</strong></span> 
     </span>
     <span class='ocr_line' id='line_1_30' title="bbox 80 3246 1039 3314; baseline -0.001 -14"><span class='ocrx_word' id='word_1_198' title='bbox 80 3251 188 3314; x_wconf 80' lang='lat' dir='ltr'><strong>genium</strong></span> <span class='ocrx_word' id='word_1_199' title='bbox 207 3250 266 3299; x_wconf 83' lang='lat' dir='ltr'><strong>ludo</strong></span> <span class='ocrx_word' id='word_1_200' title='bbox 286 3255 433 3312; x_wconf 82' lang='lat' dir='ltr'><strong>centumque</strong></span> <span class='ocrx_word' id='word_1_201' title='bbox 482 3252 580 3296; x_wconf 85' lang='lat' dir='ltr'><strong>centum</strong></span> <span class='ocrx_word' id='word_1_202' title='bbox 602 3246 672 3297; x_wconf 84' lang='lat' dir='ltr'><strong>ludos</strong></span> <span class='ocrx_word' id='word_1_203' title='bbox 688 3246 842 3311; x_wconf 80' lang='lat' dir='ltr'><strong>geniumque</strong></span> <span class='ocrx_word' id='word_1_204' title='bbox 862 3249 886 3296; x_wconf 91' lang='lat'>0</span> <span class='ocrx_word' id='word_1_205' title='bbox 934 3254 1039 3299; x_wconf 76' lang='lat' dir='ltr'><strong>centum</strong></span> 
     </span>
     <span class='ocr_line' id='line_1_31' title="bbox 83 3313 501 3380; baseline -0.002 -15"><span class='ocrx_word' id='word_1_206' title='bbox 83 3317 184 3365; x_wconf 81' lang='lat' dir='ltr'><strong>ludisz</strong></span> <span class='ocrx_word' id='word_1_207' title='bbox 214 3314 320 3380; x_wconf 82' lang='lat' dir='ltr'><strong>genium</strong></span> <span class='ocrx_word' id='word_1_208' title='bbox 332 3314 391 3364; x_wconf 86' lang='lat' dir='ltr'><strong>ludo</strong></span> <span class='ocrx_word' id='word_1_209' title='bbox 403 3313 501 3377; x_wconf 88' lang='lat' dir='ltr'><strong>Heyne.</strong></span> 
     </span>
    </p>
   </div>
   <div class='ocr_carea' id='block_1_8' title="bbox 0 0 1123 3712">
    <p class='ocr_par' dir='ltr' id='par_1_15' title="bbox 0 0 1123 3712">
     <span class='ocr_line' id='line_1_32' title="bbox 0 0 1123 3712; baseline 0 0"><span class='ocrx_word' id='word_1_210' title='bbox 0 0 1123 3712; x_wconf 95' lang='lat' dir='ltr'><strong> </strong></span> 
     </span>
    </p>
   </div>
  </div>
 </body>
</html>
