2228 3712
93 116 137 183 54
299 106 574 178 PROPERTIUS,
597 114 636 164 11.
664 117 724 183 13„
746 112 848 178 41-58.

176 273 290 331 Interea
311 291 380 331 cave
402 272 441 330 sis
462 291 518 331 nos
539 281 693 349 aspernata
713 271 862 349 sepultos:

216 371 286 430 Non
307 371 378 429 nihil
398 371 437 429 ad
458 389 556 429 verum
577 371 695 430 conscia
714 380 792 429 terra
812 372 896 448 sapit.

93 588 213 632 48-50.
231 581 293 630 Al!
309 581 368 643 wlry
378 581 425 629 did
436 579 514 629 [live
528 580 621 643 beyond
634 579 676 628 tlte
691 578 795 630 cradlel
834 579 976 643 lelivttt

175 659 328 724 tremblefor
334 660 414 718 death,
424 675 460 717 or,
470 659 519 708 like
526 659 626 720 Nestor,
634 664 659 707 to
669 657 736 707 dcem
748 658 771 707 it
780 659 832 708 late
842 659 872 707 ln
881 654 976 721 coniugi

174 779 271 853 Atque
290 777 402 835 utinam
423 777 523 853 primis
545 776 673 835 animam
694 793 744 834 me
763 794 875 853 ponere
893 776 963 836 cuuis

1 862 146 922 ’ΜΝ
215 877 348 935 iussisset
369 876 486 953 quaevis
507 875 544 934 de
565 876 657 934 tribus
677 893 737 934 una
758 878 862 935 soror!

175 976 253 1033 Nam
275 993 335 1051 quo
357 985 417 1033 tam
439 974 546 1033 dubiae
567 984 696 1033 servetur
716 974 835 1051 spiritus
853 972 953 1034 horae?
979 988 990 1041 4

215 1073 347 1133 Nestoris
367 1084 411 1131 est
432 1073 509 1131 visus
530 1082 599 1149 post
618 1073 672 1130 tria
693 1072 788 1131 saecla
808 1072 889 1133 cinis.
984 1073 994 1102 ”

175 1172 231 1231 Cui
251 1173 275 1230 si
296 1182 357 1229 tam
378 1171 483 1247 longae
504 1172 655 1229 minuisset
674 1169 734 1229 fata
753 1180 890 1231 senectae

215 1270 344 1329 Gallicus
365 1270 462 1328 Iliacis
483 1269 567 1328 miles
587 1270 618 1328 in
638 1270 803 1347 aggeribus,

174 1369 244 1428 Non
265 1369 312 1427 ille
334 1367 482 1427 Antilochi
502 1369 618 1427 vidisset
638 1386 745 1445 corpus
766 1368 890 1441 humari,

213 1467 330 1526 Diceret
351 1478 417 1526 aut:
439 1466 485 1526 ‘0
507 1484 595 1539 mors,
617 1485 670 1526 cur
689 1467 761 1525 mihi
782 1485 849 1527 sera
868 1462 1002 1533 venistis

92 1685 213 1728 51-58.
236 1679 279 1726 l'el
289 1677 347 1725 wilt
356 1676 416 1726 thou
427 1676 543 1741 weepfor
551 1693 596 1737 me,
605 1694 634 1726 as
649 1678 731 1727 Venus
740 1678 927 1742 weptAdona't,·
938 1671 980 1725 aul

173 1755 266 1820 though
285 1756 325 1804 all
341 1756 370 1804 in
389 1755 461 1815 vain,
481 1756 541 1804 thou
559 1755 617 1804 wilt
633 1756 684 1805 call
699 1771 732 1805 on
751 1772 794 1819 my
809 1757 889 1821 spirit
897 1757 940 1823 sot
953 1766 981 1803 α

174 1851 282 1883 αηπυιν.

173 1941 223 1999 Tu
243 1951 342 1998 tamen
363 1940 472 1997 amisso
493 1957 555 1997 non
576 1956 739 2016 numquam
760 1937 845 1999 flebis
866 1941 973 2000 amico:
1020 1990 1025 2025 Ι

212 2039 270 2097 Fas
291 2048 334 2098 est
354 2038 522 2115 praeteritos
543 2055 659 2114 semper
679 2055 777 2096 amare
795 2039 882 2101 viros.
903 2040 1024 2137 trapam!

172 2139 279 2209 Testis,
305 2138 355 2214 qui
376 2137 493 2195 niveum
514 2136 665 2212 quondam
687 2137 827 2213 percussit
847 2138 979 2199 Adonem
995 2136 1039 2213 Μ,

212 2235 379 2295 Venantem
401 2234 493 2294 Idalio
515 2235 618 2293 vertice
639 2235 728 2293 durus
748 2252 828 2311 aper.
1012 2194 1025 2267 l

172 2334 232 2391 Illis
252 2333 413 2392 formosum
435 2333 537 2391 lavisse
558 2332 721 2408 paludibus,
743 2332 811 2393 illuc
995 2344 1022 2408 55

212 2431 324 2490 Diceris
344 2431 436 2491 effusa
456 2442 488 2489 tu
508 2429 611 2488 Venus
630 2431 688 2489 isse
709 2448 804 2494 coma.

121 2595 167 2640 45.
184 2595 351 2640 serventurl'
384 2592 570 2641 servaturltal.
660 2596 705 2640 46.
724 2592 862 2641 ocinum·
896 2588 1027 2643 2⁸le

89 2658 148 2706 Bae.
159 2664 272 2720 suggests
282 2664 355 2705 ustus
366 2672 394 2705 or
404 2664 489 2706 tostus.
555 2661 599 2709 47.
621 2658 685 2719 Quis
696 2665 749 2706 tam
760 2658 893 2722 longaevae
904 2662 959 2709 tto
989 2650 1030 2707 δι’

88 2729 141 2771 lom
160 2723 292 2786 longaevas
316 2722 400 2771 Hertz.
435 2723 493 2772 Bae.
514 2723 578 2785 conj.
604 2723 672 2785 Quoi
692 2730 788 2772 stanun
808 2722 851 2772 lon
914 2724 1030 2777 mom

88 2788 202 2837 Another
213 2786 276 2849 conj.
289 2788 311 2836 is
325 2787 376 2836 Cui
385 2787 410 2835 si
420 2794 472 2836 tam
484 2790 576 2852 longae.
614 2788 747 2837 minuisset
758 2792 812 2837 Nl·
894 2790 1032 2841 mlm‘lttl

88 2857 142 2902 DV
175 2853 345 2901 iuravissctu
390 2856 517 2903 immisse!
528 2856 582 2905 Per.
660 2857 706 2903 48.
726 2853 840 2903 Gallinas
855 2856 1032 2907 oPefflutz

89 2919 214 2978 Callidus,
225 2918 337 2967 Bellicus
348 2918 470 2981 (adopted
482 2921 515 2982 by
526 2920 627 2979 Palm),
639 2919 755 2975 Saucim,
769 2920 880 2981 Troicus,
893 2922 971 2981 Ilius,
984 2922 1034 2973 CU-

1066 748 1080 790 l

1069 1902 1112 1944 μ

87 2986 163 3033 rulus
173 2984 236 3033 have
248 2983 283 3032 all
295 2984 356 3033 been
372 2983 434 3046 conj.
513 2988 559 3034 49.
578 2986 621 3033 ille
632 2986 654 3034 is
665 3000 714 3034 om.
727 2986 753 3033 lu
765 2987 802 3033 tt.
881 2990 928 3039 50.
945 2984 1036 3039 alil!
1109 2987 1111 2992 ’

87 3050 176 3100 Μ88.;
194 3049 252 3099 Bae.
265 3049 328 3112 conj.
341 3049 415 3098 tande.
465 3050 637 3114 ⁵3.qm'1to
671 3050 953 3111 cathechizando.
986 3048 1038 3121 qd

87 3116 145 3165 Bne.
191 3115 305 3164 Adonem
316 3117 370 3163 tto
415 3114 526 3164 Adonim
540 3120 568 3164 z.
653 3119 697 3165 55.
716 3116 875 3167 illiczBae.
922 3118 1037 3169 laone!
1108 3133 1114 3142 ⁴

86 3180 198 3243 Scaliger
215 3180 292 3242 (from
310 3182 376 3243 Per.)
394 3180 473 3230 Palm.
491 3181 550 3230 who
566 3189 643 3232 states
660 3182 695 3231 H.
714 3182 747 3231 A.
763 3181 787 3246 J.
805 3182 899 3234 Munro
916 3182 1039 3253 approved

86 3246 192 3295 iacuisse
205 3250 260 3298 tto
273 3246 359 3296 Hertz.
426 3250 472 3296 56.
490 3263 537 3296 esse
549 3251 581 3296 1³¹.
1109 3254 1110 3261 ’
