2228 3712
81 147 121 214 28
339 153 555 227 TIBULLUS,
578 160 618 211 11.
642 145 683 223 6.,
706 174 788 222 ⁴·22·

201 319 347 397 Aequora,
370 337 439 378 cum
459 319 522 379 telis
542 319 581 378 ad
602 319 677 378 latus
696 320 739 379 ire
759 320 861 380 volet?

160 416 230 490 Ure,
251 436 333 494 puer,
355 437 473 495 quaeso,
494 429 544 477 tua
565 418 616 496 qui
636 417 715 477 serus
736 418 797 478 otia
816 418 909 496 liquit,
989 430 1001 491 5

201 516 298 593 Atque
319 517 422 575 iterum
444 535 578 576 erronem
600 518 655 575 sub
675 511 726 577 tua
746 518 831 594 signa
851 536 931 577 voca

161 613 251 687 Quod
271 615 296 674 si
315 615 453 674 militibus
475 634 586 693 parces,
608 617 661 675 erit
682 615 729 676 hic
751 634 871 693 quoque
889 616 972 684 miles,

202 713 269 790 Ipse
290 713 383 771 levem
403 713 487 789 galea
508 714 557 790 qui
579 714 634 773 sibi
654 724 750 790 portet
770 732 890 792 aquam.

162 810 264 871 Castra
284 823 360 888 peto,
378 811 528 889 valeatque
542 811 645 871 Venus
665 812 838 889 valeantque
860 812 979 891 puellae:

203 910 242 969 Et
261 910 333 968 mihi
355 921 421 969 sunt
441 911 523 982 vireS,
545 911 666 970 etmihi
686 910 763 971 facta
783 912 856 971 tuba
877 921 928 972 est.
983 925 1008 965 10

82 1157 285 1208 11—18.How
307 1156 382 1204 breve
404 1171 447 1218 my
463 1155 562 1205 words!
577 1156 622 1205 but
637 1157 697 1206 how
707 1155 787 1221 feeble
810 1157 834 1205 is
853 1172 897 1220 my
911 1153 978 1222 faeti

161 1234 214 1296 Alc,
233 1235 303 1283 cruel
317 1234 390 1294 Leve,
409 1234 495 1283 would
508 1235 564 1283 that
579 1235 625 1298 tley
640 1236 722 1301 shasts
737 1251 803 1286 were
818 1236 918 1297 broken,
933 1232 981 1284 aad

164 1313 208 1375 thy
219 1312 288 1361 lorch
294 1319 345 1376 put
356 1312 419 1361 out!

165 1433 277 1511 Magna
290 1433 402 1511 loquor,
418 1434 469 1492 sed
483 1434 638 1512 magnifice
652 1433 723 1492 mihi
737 1452 847 1511 magna
859 1433 956 1494 locuto

206 1531 365 1590 Excutiunt
385 1532 500 1591 clausae
521 1532 605 1592 sortia
625 1535 713 1592 verba
733 1532 820 1592 sores.

167 1630 261 1688 Iuravi
282 1631 418 1707 quotiens
438 1631 597 1689 rediturum
618 1631 656 1691 ad
675 1631 776 1689 limina
796 1630 971 1709 numquam!

208 1728 285 1788 Cum
307 1730 382 1787 bene
402 1729 502 1800 iuravi,
524 1748 577 1806 pes
598 1738 697 1788 tamen
718 1729 782 1805 ipse
802 1729 886 1789 redit.

165 1829 245 1887 Acer
264 1828 365 1899 Amor,
380 1827 485 1886 fractas
505 1828 618 1886 utinam
638 1837 688 1886 tua
708 1827 766 1886 tela
785 1828 914 1904 sagittas,
991 1836 1019 1897 15

208 1927 238 1986 Si
258 1927 333 1999 licet,
355 1927 496 1986 extinctas
517 1927 714 2004 aspiciamque
734 1925 830 1985 facesl

167 2027 216 2086 Tu
237 2027 374 2086 miserum
395 2035 523 2102 torques
544 2035 575 2084 tu
595 2043 643 2083 me
664 2024 736 2083 mihi
757 2024 819 2083 dira
841 2026 952 2103 precari

208 2125 306 2202 Cogis
328 2137 356 2183 et
376 2125 478 2183 insana
498 2134 596 2182 mente
617 2122 744 2182 nefanda
765 2122 855 2199 loqui.

87 2381 206 2425 10-28.
224 2376 244 2424 I
250 2374 341 2422 should
355 2374 418 2423 leave
429 2372 554 2436 perislzed,
567 2371 611 2420 but
622 2373 693 2435 Hope
704 2371 758 2420 be'ds
773 2386 812 2420 me
826 2370 893 2420 live:
910 2372 985 2436 Hm,

168 2454 224 2502 mat
234 2453 320 2515 brings
330 2453 405 2501 solare
416 2458 440 2500 to
457 2453 497 2500 tlte
514 2450 697 2509 husbandmen,
709 2457 735 2500 to
749 2449 790 2499 the
798 2449 901 2514 semler,
913 2457 939 2500 to
949 2450 987 2499 the

168 2532 242 2590 slave,
254 2531 311 2578 still
314 2530 437 2594 prontises
446 2536 471 2578 to
482 2545 519 2578 me
531 2544 573 2592 my
584 2528 704 2577 Nemesis.

169 2661 234 2720 Iam
256 2660 335 2719 mala
356 2660 485 2718 finissem
505 2659 571 2731 leto,
594 2659 645 2717 sed
666 2658 783 2717 credula
804 2657 896 2717 vitam

212 2759 285 2837 Spes
307 2758 391 2830 fovet,
413 2769 441 2817 et
462 2758 524 2817 fore
546 2778 609 2817 cras
631 2776 746 2834 semper
767 2757 807 2815 ait
828 2757 944 2817 melius.
997 2768 1026 2813 ao

172 2858 245 2937 Spes
265 2859 315 2917 alit
335 2858 484 2934 agricolas,
509 2858 582 2934 Spes
603 2857 691 2917 sulcis
712 2857 803 2915 credit
823 2858 910 2916 aratis

212 2958 338 3027 Semina,
361 2976 435 3034 quae
456 2975 565 3032 magno
586 2957 687 3015 fenore
709 2955 810 3016 reddat
831 2975 922 3032 ager:

123 3172 149 3217 8.
166 3168 307 3217 levemAV
340 3167 391 3216 levi
402 3167 498 3216 oBae.
546 3173 629 3230 portet
640 3169 694 3216 Ao
722 3171 811 3229 portat
821 3162 893 3214 VG’.
997 3158 1061 3213 1⁶·

90 3234 221 3347 §²2:³ssch
266 3233 364 3282 Scilicet
379 3236 411 3283 0.
512 3234 556 3281 20.
573 3231 607 3280 So
626 3236 649 3281 0
666 3239 690 3282 et
703 3232 792 3280 melius
809 3246 864 3278 cras
873 3230 935 3295 sore
949 3230 1072 3296 sempl’
