2228 3712
95 192 151 235 tx
289 179 564 247 Proferam,
584 184 636 233 lv.
661 188 727 249 11.‚
747 196 855 247 35-54.

173 344 291 419 lzgor.
312 343 420 401 Pede.
441 358 494 400 tuo
512 344 556 400 ἐς
576 340 743 399 (litem
762 342 876 402 mbili:
985 350 1009 417 35

211 442 248 499 12
269 442 365 518 {auide
385 442 442 499 hoc
461 442 513 497 uni
532 454 626 515 nupta
646 440 738 497 sulse
758 438 855 517 legar.

171 540 279 597 Testor
297 541 443 597 mierum
462 540 576 596 c'rteres
596 538 659 607 tibi,
679 537 792 609 Roma,
813 538 955 609 colendos,

211 636 273 694 Sub
294 656 420 714 quorum
439 637 538 695 tituli-s.
558 636 667 707 Africa,
687 646 776 694 torm
796 636 887 709 iaces,

170 736 207 793 Et
229 736 338 793 Persen
358 737 457 811 proavi
478 735 665 793 simulantem
685 748 793 811 pectus
813 736 929 807 Achilli,

208 833 329 910 Qtrque
350 852 415 891 :uas
434 853 546 910 proauo
565 834 650 910 fregit
669 832 787 891 Achille
807 834 924 906 domos,
985 847 1010 903 4ο

170 929 223 990 lle
242 951 338 1009 neque
358 951 499 990 censurae
519 932 615 1009 legem
635 930 778 1003 mollisse,
797 950 859 992 nec
878 932 935 991 ulla

209 1029 292 1088 Labe
312 1049 380 1088 mea
399 1046 511 1088 vestros
531 1030 683 1088 embuisse
704 1028 798 1088 loeus.
819 1072 825 1079 -

170 1127 239 1187 Non
261 1128 314 1186 fuit
334 1130 446 1186 exui-iis
465 1129 553 1186 tantis
573 1127 713 1186 Cornelia
734 1127 891 1201 damnum,

208 1224 291 1297 Quin
312 1244 341 1284 e:
360 1238 422 1284 erat
443 1245 570 1302 maguae
590 1244 659 1302 pars
679 1225 825 1284 imitanda
846 1226 954 1286 domus

85 1443 207 1485 45—54.
223 1438 262 1484 As
273 1453 315 1498 my
325 1437 395 1485 blood
402 1438 507 1500 ispure,
517 1453 544 1485 so
555 1453 598 1498 my
607 1436 653 1500 Ir'sc
666 1435 715 1484 has
724 1436 784 1485 been
788 1443 861 1500 prm
869 1438 934 1487 alu:
945 1440 980 1484 tul

161 1522 246 1577 purcr
252 1529 316 1561 were
326 1515 367 1562 llrc
382 1516 394 1561 l
398 1515 477 1562 'erlalt
489 1516 511 1562 C
509 1515 599 1561 laralia
608 1513 665 1561 arrd
671 1515 796 1565 Aemilia

168 1647 232 1706 Nec
252 1665 319 1706 mea
340 1662 451 1706 mutata
463 1660 508 1707 est
522 1664 610 1720 aetas,
626 1649 689 1706 sine
701 1649 826 1709 crimine
839 1660 904 1710 tota
915 1658 964 1709 est:
983 1658 1007 1717 45

207 1746 343 1804 Viximus
363 1748 493 1822 insignes
513 1748 589 1805 inter
608 1757 764 1823 utramque
785 1746 892 1808 lacem.

167 1845 211 1903 llli
232 1856 335 1902 natura
355 1844 433 1902 dedit
454 1845 535 1921 leges
553 1864 569 1902 a
591 1845 735 1921 sanguine
755 1845 871 1919 ductas,

208 1942 255 2002 Ne
275 1961 393 2020 possem
415 1944 518 2002 melior
539 1944 643 2001 iudicis
665 1961 730 2001 esse
750 1954 843 2004 metu.

166 2043 323 2115 Quaelibet
343 2051 471 2100 austeras
493 2043 529 2100 de
550 2061 599 2099 me
620 2041 693 2099 serat
713 2060 789 2100 urna
809 2044 946 2103 tabellas:

206 2140 336 2218 Turpior
356 2159 470 2198 assessu
490 2159 552 2198 non
574 2140 627 2198 erit
647 2139 706 2197 ulla
727 2157 806 2212 meo,
986 2150 1012 2210 50

166 2240 222 2297 Vel
243 2250 283 2310 tu,
304 2258 380 2315 quae
401 2239 515 2296 tardam
535 2240 652 2297 mouisti
674 2238 742 2297 lune
763 2238 918 2315 Cybellen‚

207 2337 337 2409 Claudia,
358 2339 475 2395 turritae
495 2356 560 2394 rara
579 2337 711 2396 ministra
731 2335 815 2408 deae,

167 2434 221 2492 Vel
241 2436 297 2505 cui,
319 2437 492 2495 commissos
515 2454 583 2493 cum
604 2434 697 2493 Vesta
717 2448 887 2511 reposceret
907 2439 988 2517 ignes

206 2531 345 2591 Exhibuit
366 2534 444 2592 vivos
464 2534 601 2592 carbasus
622 2533 691 2592 alba
711 2533 804 2592 focos

115 2716 160 2762 36.
183 2712 217 2762 Ul
229 2672 356 2773 (wius,
369 2715 428 2763 Bae.
457 2684 481 2705 Π
494 2628 572 2764 laedo
584 2660 643 2764 Eece.
710 2716 770 2764 luti
781 2715 924 2780 Marcilius,
935 2716 1020 2768 Patm-

82 2778 275 2833 87.colendosO
288 2779 340 2827 Per.
354 2780 412 2828 Bae.
440 2781 681 2830 verendoszHertz.
693 2780 799 2840 Palmer.
869 2780 1021 2835 38.tunsa0

85 2846 141 2894 llae.
174 2850 248 2891 tanta
259 2844 312 2892 Per.
341 2852 412 2892 tama
424 2847 494 2895 other
505 2846 577 2895 MSS.
636 2850 681 2894 39.
699 2846 865 2897 simulantem
878 2850 966 2901 zedd.
989 2844 1023 2896 sit'·

82 2911 220 2959 mulantem
233 2911 257 2956 0
290 2908 390 2957 Achilli
401 2913 424 2958 0
437 2911 495 2960 Bae.
529 2910 686 2960 AcltilllsW
699 2912 784 2961 Hertz.
797 2921 845 2962 ete.
933 2914 1025 2966 40.lot

81 2984 139 3025 mas
151 2976 217 3023 l'ost.
229 2972 291 3034 conj.
303 2980 402 3022 tumens
443 2976 496 3024 Per.
508 2976 554 3024 has
565 2984 623 3025 tuas
634 2993 696 3026 corr.
708 2984 735 3026 to
745 2984 808 3025 tuus
869 2988 984 3044 proavus
991 2976 1025 3027 Ψ.

81 3045 127 3089 44.
144 3042 269 3089 eierato
302 3043 424 3087 eratctz
457 3042 630 3091 etcramltal.
723 3046 770 3090 48.
788 3044 830 3092 Ne
838 3050 969 3106 possem!
996 3042 1028 3097 Nl

77 3106 157 3171 pessis
169 3108 201 3154 0.
276 3107 322 3152 49.
342 3104 484 3165 Quamlibet
495 3106 620 3156 Livineius
663 3124 717 3155 una
730 3108 921 3172 Wyngaerden.
992 3114 1029 3162 llll.

79 3173 207 3220 assessuz
234 3184 335 3217 assensu
348 3171 401 3216 DV
428 3174 553 3218 asensutl
581 3187 683 3221 ascensu
691 3173 735 3220 Vl.
801 3179 844 3223 51.
860 3178 978 3240 Cybellert
986 3176 1031 3228 nv

84 3244 93 3283 t
100 3237 225 3285 't'lclemll'
272 3234 374 3297 Cybelen
387 3234 472 3283 Hertz.
508 3236 615 3299 Cybeben
626 3239 732 3288 Palmer.
808 3243 855 3290 58.
873 3242 1032 3296 cutconm‘e

79 3318 116 3349 res
128 3305 149 3349 z
163 3301 247 3349 llertz.
259 3306 307 3349 etc.
341 3300 415 3348 cuius
426 3315 492 3348 rasos
504 3303 528 3350 0
559 3302 603 3350 cui
612 3318 684 3352 sacra
695 3319 751 3353 suos
760 3305 818 3354 Bae.
