2168 3720
219 193 557 269 PROPERTIUS,11.
583 205 764 272 13.,17-4o.
928 204 970 274 53

78 346 163 419 Nec
184 359 256 435 mihi
276 368 346 417 tune
367 357 461 417 fulcro
483 369 625 417 sternatur
646 358 736 417 lectus
757 361 878 432 eburno,

139 458 204 518 Nec
226 459 262 516 sit
283 458 314 515 in
334 458 462 516 Attalico
484 476 563 516 mors
584 476 651 516 mea
672 459 742 516 nixa
764 468 847 532 tor03

76 546 181 618 Desit
202 557 355 616 odoriferis
376 557 450 615 ordo
472 555 543 613 mihi
565 556 714 629 lancibus;
743 558 839 617 adsint

98 706 101 709 .
137 657 237 716 Plebei
258 674 364 735 parvae
386 656 494 713 funeris
514 656 664 732 exequiae.

80 746 148 814 Sat
162 774 233 812 mea
247 765 291 812 sat
305 772 414 830 magna
428 765 471 812 est
486 755 509 811 si
525 764 581 812 tres
596 754 653 811 sint
666 772 778 830 pompa
792 754 890 826 libelli,
934 771 972 831 25

138 854 227 926 Quos
248 872 305 929 ego
326 852 530 929 Persephonae
551 853 681 911 maxima
703 853 781 911 dona
801 852 903 913 feram.

11 978 134 1042 7“38.
152 994 210 1042 But
221 993 255 1040 let
265 993 309 1054 thy
321 993 409 1056 leving
417 1008 472 1040 care
483 993 508 1039 le
520 992 588 1040 there
599 999 622 1042 to
630 993 688 1055 give
699 1008 737 1041 me
747 1008 792 1041 ene
803 992 920 1052 laetitiis,

82 1071 116 1117 to
131 1071 205 1135 place
218 1087 235 1118 a
251 1070 439 1119 laurel-branch
456 1085 514 1118 over
524 1085 566 1132 my
577 1071 647 1130 testib,
662 1071 717 1124 and
729 1078 754 1118 to
766 1072 841 1120 write
855 1086 888 1121 en
903 1071 926 1120 it

83 1146 137 1198 the
148 1148 270 1212 undying
279 1147 379 1211 epitaph
392 1149 447 1196 ‘He
458 1148 526 1197 lived
535 1164 550 1196 a
555 1148 674 1213 faithful
681 1146 764 1199 lover)

86 1241 147 1309 Tu
169 1268 240 1308 vero
262 1249 376 1306 nudum
397 1259 500 1324 pectus
521 1249 646 1330 lacerata
666 1250 805 1326 sequeris,

140 1348 205 1406 Nee
228 1347 315 1406 fueris
336 1365 446 1405 nornen
467 1347 543 1404 lassa
563 1364 666 1404 vocare
687 1365 797 1418 meum,
849 1393 851 1398 .

91 1443 269 1522 Osculaque
290 1446 321 1502 in
342 1434 444 1520 gelidis
465 1462 562 1520 pones
580 1462 717 1519 suprema
737 1445 855 1518 labellis
874 1443 958 1492 Ἡ
971 1455 1004 1488 ⁶2

140 1544 219 1604 Cum
240 1543 354 1602 dabitur
377 1541 460 1618 Syrio
481 1561 603 1600 munere
624 1543 728 1619 plenus
750 1563 838 1621 onyx.
934 1563 976 1618 30

94 1636 224 1714 Deinde,
247 1641 296 1701 ubi
319 1642 485 1718 suppositus
506 1641 634 1699 cinerem
654 1660 702 1701 me
723 1642 822 1702 fecerit
843 1644 938 1716 ardor,

138 1741 272 1817 Accipiat
293 1758 395 1798 manes
416 1739 534 1816 parvula
555 1749 629 1798 testa
650 1760 741 1812 meos,
824 1786 826 1795 ,

99 1833 140 1896 Et
160 1839 196 1898 sit
217 1840 248 1897 in
270 1839 376 1914 exiguo
397 1837 496 1896 laurus
517 1839 704 1914 superaddita
725 1841 820 1912 busto,

143 1937 229 2009 Quae
251 1947 329 2013 tegat
349 1937 468 1994 extincti
489 1936 599 1995 funeris
619 1939 723 1996 umbra
745 1939 852 1999 locum.

104 2031 140 2095 Et
168 2039 228 2096 duo
258 2039 315 2095 sint
343 2055 460 2094 versus:
494 2035 572 2108 ‘Qui
604 2055 682 2096 nunc
714 2038 788 2097 iacet
819 2038 934 2098 horrida

188 2184 192 2190 .
225 2136 326 2213 pulviS,
935 2152 974 2213 35

143 2233 239 2293 Unius
260 2235 306 2292 hic
329 2234 480 2313 quondam
502 2252 599 2292 servus
621 2235 728 2292 amoris
749 2235 826 2293 erat!

110 2328 166 2392 Nec
186 2335 284 2392 minus
304 2333 376 2391 haec
397 2332 489 2390 nostri
511 2342 641 2391 notescet
662 2332 740 2390 fama
761 2333 892 2409 sepulcri,

145 2432 244 2504 Quam
264 2432 379 2491 fuerant
399 2431 496 2490 Phthii
518 2432 603 2489 busta
624 2441 744 2490 cruenta
764 2433 824 2492 viri.

56 2573 143 2635 ³⁸42.
159 2587 232 2649 Lung
241 2553 334 2648 mhyest
349 2585 408 2634 thou
420 2585 486 2634 live:
502 2585 547 2634 but
560 2586 637 2649 slight
647 2592 691 2640 not
702 2585 762 2634 tlzou
774 2601 815 2648 my
825 2586 927 2636 ashes-

109 2664 159 2726 they
166 2665 224 2713 will
232 2665 306 2712 know
316 2664 357 2712 the
367 2663 531 2728 slight-and
540 2665 613 2712 when
624 2664 685 2712 thou
695 2664 764 2723 diest,
774 2680 837 2714 come
847 2672 872 2714 to
880 2681 925 2714 me.

109 2761 154 2823 Tu
174 2783 293 2843 quoque
315 2764 481 2843 siquando
502 2765 600 2823 venies
621 2765 659 2823 ad
680 2765 747 2837 fata,
769 2776 928 2837 memento,

144 2863 213 2922 Hoc
234 2847 345 2931 iter1ad
366 2863 477 2939 lapides
498 2881 572 2921 cana
592 2864 656 2952 veni
678 2882 832 2923 memores,
937 2857 979 2936 40‘

71 3007 103 3056 23.
118 3011 207 3059 atsint
217 3009 280 3072 conj.
293 3009 419 3058 Heinsius.
507 3010 552 3057 24.
570 3011 695 3074 obsequiae
707 3014 769 3060 NF.
860 3014 903 3059 25.
923 3024 977 3059 mea

50 3075 99 3143 llll
135 3092 188 3124 mea
198 3077 234 3124 sit
245 3078 298 3124 ΝΟ
342 3090 395 3123 mea
406 3076 442 3123 sie
454 3074 517 3136 conj.
531 3076 589 3124 Bae.
633 3092 725 3140 magna
735 3077 760 3124 si
771 3078 795 3124 0
838 3091 931 3139 ntagita
941 3083 978 3125 est

49 3140 93 3187 uz.
152 3145 195 3194 27.
218 3143 285 3189 Tum
297 3144 358 3190 DV.
419 3145 460 3189 31.
478 3141 654 3203 subpositusN
687 3142 869 3204 sipposz'tuso.
895 3162 897 3167 ’
930 3144 974 3189 34.

49 3195 88 3251 he.
97 3206 154 3270 conj.
159 3207 288 3271 funebris.
355 3210 398 3254 36.
416 3207 490 3256 Unus
498 3210 534 3254 N.
601 3210 647 3255 40.
666 3208 814 3256 HociterO
849 3208 904 3255 Hoc
915 3206 977 3256 itere

48 3260 133 3335 &aliger
163 3273 224 3320 Huc
227 3271 303 3336 ferri
310 3287 339 3319 ae
348 3272 441 3334 lapides
449 3287 512 3321 cana
522 3271 608 3322 subire
619 3288 682 3320 nteos
694 3271 814 3321 Heinsius
848 3272 907 3321 Huc
915 3287 981 3322 curo.

47 3332 71 3378 tl
77 3335 167 3400 lapides,
177 3353 245 3394 cara,
257 3337 317 3385 vehi
324 3353 442 3386 exemeret
451 3338 509 3388 Bae.
