2228 3712
245 185 520 254 PROPERTIUS‚
543 190 598 241 III.
623 194 661 256 2.‚
685 201 763 252 1·²4·
932 180 973 265 63

100 352 183 425 Quin
205 353 301 422 etiam,
322 350 511 429 Polypheme,
532 346 593 408 fera
614 349 812 413 Galateasub
831 351 929 411 Aetna
955 370 972 430 5

141 451 190 508 Ad
211 460 262 508 tua
281 436 414 509 rorantes
433 450 563 509 carmina
584 449 664 508 flexit
684 467 795 526 equos:

98 549 252 620 Miremur,
274 549 360 607 nobis
381 557 410 605 et
430 546 549 606 Baccho
570 558 599 606 et
620 547 757 623 Apolline
779 547 891 619 dextro,

142 647 247 705 Turba
266 646 428 724 puellarum
450 646 473 704 sl
493 664 562 704 mea
582 647 670 706 verba
690 645 782 705 colit?

50 823 134 867 -10,
157 818 183 864 Τ
177 815 260 880 hough
275 831 307 863 no
318 830 435 879 gorgeous
449 814 530 873 hotot,
543 831 575 863 no
584 814 702 879 fruitful
710 814 783 864 lands
793 831 837 866 are
848 815 923 875 mim,

90 901 140 958 yet
151 895 173 942 is
184 893 225 942 tlte
235 895 311 942 Muse
321 908 363 955 my
374 891 486 942 comrade
496 892 553 941 and
562 908 604 956 my
606 893 709 957 friend.

98 997 192 1070 Quod
206 1016 267 1056 non
282 997 436 1056 Taenariis
451 996 557 1056 domus
571 1007 614 1056 est
628 997 700 1055 mihi
713 996 785 1056 fulta
799 988 951 1070 columnis,

139 1095 205 1156 Nec
226 1113 344 1154 camera
364 1105 479 1154 auratas
500 1096 575 1153 inter
595 1096 707 1153 eburna
726 1096 831 1166 trabes,
936 1116 972 1155 10

97 1195 163 1254 Nee
184 1213 251 1254 mea
272 1194 420 1253 Phaeacas
441 1204 569 1272 aequant
590 1195 722 1271 pomaria
743 1194 836 1266 silvas

141 1292 214 1352 Non
235 1311 359 1371 operosa
379 1294 454 1370 rigat
474 1292 604 1352 Marcius
624 1302 707 1351 antra
727 1292 840 1370 liquor:

98 1392 139 1450 At
160 1409 262 1449 musae
283 1392 414 1460 comites,
435 1401 464 1450 et
485 1391 615 1449 carmina
635 1408 702 1450 cara
722 1390 840 1468 legenti,

140 1489 204 1549 Nee
226 1489 340 1549 defessa
361 1489 457 1549 choris
478 1489 630 1566 Calliopea
650 1490 731 1549 meis.

96 1587 266 1660 Fortunata,
288 1607 356 1648 meo
377 1589 401 1647 si
422 1607 481 1667 qua
502 1599 545 1647 est
566 1588 709 1648 celebrata
729 1586 848 1648 libellol
935 1604 970 1664 15

140 1687 279 1746 Carmina
299 1697 384 1746 erunt
404 1686 516 1746 formae
537 1697 580 1745 tot
601 1697 792 1746 monumenta
813 1696 890 1746 tuae.

51 1875 137 1918 -24,
155 1869 249 1931 Happy
259 1867 301 1917 she
312 1867 392 1916 whose
394 1867 468 1933 same
478 1868 499 1915 I
505 1867 579 1931 sing!
594 1883 660 1916 more
674 1867 750 1916 stablc
763 1868 827 1916 than
839 1868 920 1930 Pyra-

97 1946 160 2005 mid‚
177 1961 208 1995 or
223 1951 369 1994 monument
384 1944 416 2010 of
424 1945 565 2005 Mausolus,
583 1960 625 2007 my
638 1960 712 1994 nanze
728 1945 788 1993 will
800 1944 875 1994 know
889 1960 921 1992 no

97 2023 180 2072 death.

96 2127 178 2186 Nam
198 2145 295 2204 neque
317 2127 502 2204 pyramidum
523 2136 656 2203 sumptus
676 2125 714 2184 ad
735 2125 829 2184 sidera
850 2115 935 2197 ducti,

139 2225 203 2284 Nec
224 2226 302 2285 Iovis
322 2226 386 2284 Elei
408 2225 521 2285 caelum
542 2225 653 2283 imitata
674 2223 790 2295 domus,

96 2324 162 2384 Nec
184 2323 328 2384 Mausolei
351 2324 429 2383 dives
450 2322 566 2383 fortuna
587 2322 712 2399 sepulcri

138 2422 245 2482 Mortis
266 2423 304 2480 ab
325 2433 456 2481 extrema
476 2421 650 2481 condicione
670 2431 784 2481 vacant.
931 2442 969 2481 20

96 2521 157 2579 Aut
178 2520 233 2578 illis
255 2520 375 2579 flamma
396 2531 446 2579 aut
464 2520 558 2579 imber
579 2519 721 2578 subducet
742 2518 878 2595 honoret,

137 2619 295 2677 Annorum
316 2628 365 2677 aut
385 2619 444 2678 ictu
465 2618 596 2695 pondere
617 2618 692 2678 victa
712 2628 804 2676 ruent.

95 2718 136 2776 At
157 2736 218 2776 non
239 2717 359 2795 ingenio
377 2718 542 2794 quaesitum
562 2734 672 2776 nornen
693 2717 732 2775 ab
753 2735 826 2776 aevo

137 2815 278 2877 Excidet:
304 2816 423 2891 ingenio
444 2825 500 2874 stat
521 2815 583 2873 sine
604 2824 699 2878 morte
721 2815 818 2874 decus.

50 2999 72 3046 5.
83 2996 146 3060 fera
158 2995 230 3046 MSS.
242 2996 298 3046 edd.
364 3001 404 3046 11.
417 2996 535 3059 phemius
546 2999 599 3044 ΝΒ
643 2996 742 3060 semim
753 2999 786 3045 F.
852 2998 894 3045 12.
911 3002 969 3044 ante

118 3066 159 3111 13.
172 3063 268 3111 comitis
280 3065 363 3110 NDV
395 3062 515 3111 comiti]¹
549 3062 722 3112 comitesI'V’.
789 3064 830 3109 14.
843 3063 895 3110 Nec
904 3060 968 3123 conj.

51 3145 71 3178 e.
84 3129 166 3176 Palm.
208 3129 281 3177 Eto
294 3128 389 3188 Hertz„
402 3128 505 3176 omitted
519 3127 553 3191 by
564 3131 601 3176 N.
669 3126 880 3177 21.mbducit1t
912 3127 968 3174 sub-

50 3201 84 3242 cet
96 3194 182 3244 Hertz.
195 3194 251 3243 edd.
328 3195 373 3242 22.
391 3194 443 3241 ictu
455 3196 508 3241 Nu
553 3193 653 3242 ictusD
698 3194 750 3256 ipso
761 3194 819 3241 Bae.
860 3192 969 3255 pmtderc

50 3263 98 3308 DV
137 3259 250 3324 pondera
268 3261 292 3307 11¹
342 3258 431 3318 Palm,
446 3258 577 3322 following
593 3259 727 3320 Bunnann,
744 3257 815 3308 reads
831 3259 968 3308 Annorum

50 3325 131 3387 lictu,
140 3325 249 3389 pondere
258 3324 333 3386 m'cta,
344 3330 426 3374 ruem.
