2228 3712
79 184 121 252 74
279 173 554 243 PROPERTIUS,
578 178 634 229 111.
658 179 699 247 7.,
723 190 828 243 53-72.

159 342 249 400 Hunc
270 357 359 417 parvo
379 338 446 397 ferri
466 337 536 397 vidit
556 355 618 396 nox
638 336 778 414 improba
798 336 897 415 ligno:
969 410 973 417 Ι

199 441 304 499 Paetus
325 448 357 497 ut
377 437 531 511 occideret,
552 445 595 495 tot
616 436 711 495 coiere
733 436 824 495 mala.

79 641 198 684 55-66.
229 634 298 683 With
315 634 356 683 leis
372 635 422 683 last
437 633 522 683 bicatd
539 633 568 682 he
585 632 698 698 prayed:
715 634 756 681 ‘O
769 649 804 697 ye
824 634 890 685 Gods
903 631 964 700 ostie

159 713 269 777 AEgeun,
278 713 336 774 why
344 712 374 761 do
378 728 412 775 ye
420 712 506 760 sualch
508 711 581 776 from
593 726 631 759 me
640 725 682 774 my
686 726 782 776 young
789 711 836 776 life
846 727 872 761 so
879 707 966 773 rudelyi

162 790 258 854 Owuft
273 806 315 852 my
331 791 390 852 body
404 796 428 839 to
445 805 487 851 my
503 789 589 838 native
603 787 682 846 shore,
697 788 756 837 and
769 796 795 839 to
811 806 857 855 my
872 789 967 840 matida

160 866 245 918 carel’

161 980 248 1040 Flens
272 989 371 1038 tamen
398 979 533 1039 extremis
559 978 639 1038 dedit
659 978 734 1039 haec
757 980 975 1058 mandataque

282 1079 367 1149 rellis‚
976 1088 1000 1148 55

201 1178 278 1237 Cum
299 1175 475 1235 moribunda
495 1176 578 1253 niger
600 1175 747 1235 clauderet
768 1196 823 1237 ora
845 1174 952 1254 liquor:

161 1277 216 1335 ‘Di
237 1277 325 1335 maris
345 1275 457 1353 Aegaei
478 1294 553 1353 quos
574 1286 641 1335 sunt
661 1291 751 1352 penes
774 1294 917 1353 aequora,
935 1270 1003 1339 Veli,

200 1376 239 1434 Et
258 1393 462 1453 quaecumque
482 1392 582 1433 meum
604 1374 741 1449 degravat
762 1373 847 1448 unda
867 1382 958 1451 caput,

159 1472 229 1544 Quo
249 1473 348 1549 rapitis
368 1473 491 1531 miseros
512 1472 622 1548 primae
643 1470 792 1547 lanuginis
813 1472 930 1531 armos?

199 1572 358 1630 Attulimus
378 1570 481 1646 longas
502 1570 533 1627 in
554 1568 627 1627 freta
646 1577 740 1627 vestra
760 1586 879 1629 manus.
979 1566 1006 1623 to

160 1670 209 1728 Ah
230 1670 317 1729 miser
337 1669 495 1746 alcyonum
516 1667 644 1745 scopulis
665 1666 788 1743 adfligar
808 1669 920 1729 acutia:

201 1769 237 1826 In
258 1786 305 1826 me
328 1767 461 1826 caeruleo
484 1766 596 1825 fuscina
616 1775 732 1841 sumpta
752 1765 812 1824 deo
832 1776 888 1835 est

159 1867 200 1926 At
222 1867 323 1926 saltem
345 1866 444 1924 Italiae
466 1866 633 1942 regionibus
654 1863 757 1923 evehat
778 1874 899 1924 aestus:

200 1967 269 2026 Hoc
290 1966 327 2023 de
349 1983 397 2023 me
418 1974 463 2022 sat
484 1964 537 2022 erit
558 1964 583 2021 si
603 1963 693 2022 modo
713 1963 815 2021 matris
835 1963 909 2023 erit!

162 2063 307 2124 Subtrahit
328 2063 401 2122 haec
421 2062 531 2121 fantem
552 2072 627 2121 torta
648 2061 785 2139 vertigine
808 2061 934 2121 fluctus:
981 2054 1009 2127 ⁶5

200 2163 311 2222 Ultima
331 2180 407 2239 quae
428 2161 519 2219 Paeto
540 2178 655 2238 voxque
676 2159 796 2237 diesque
818 2158 881 2219 fuit

80 2356 200 2403 67-72.
220 2353 241 2402 O
258 2351 376 2400 hundred
389 2351 523 2415 daughters
538 2350 570 2415 of
579 2349 694 2400 Nereus!
712 2349 733 2399 0
753 2348 840 2399 77ιαύ
855 2348 922 2398 witi
937 2344 977 2409 thy

161 2427 276 2479 mother's
288 2429 377 2478 beart!
394 2429 451 2492 wlty
462 2429 509 2477 did
517 2444 551 2490 ye
567 2435 610 2476 eut
620 2434 672 2492 put
686 2433 731 2476 out
745 2442 763 2475 a
778 2426 853 2475 hand
866 2433 892 2476 to
907 2422 978 2475 sau!

162 2509 247 2557 Never
256 2507 323 2555 skalt
333 2507 393 2555 thou
403 2523 440 2556 sce
450 2507 502 2556 sad
510 2507 541 2571 os
546 2505 620 2565 retine,
632 2504 703 2554 cruel
711 2503 828 2568 Aquilo!

162 2619 190 2680 O
212 2629 329 2677 centum
351 2638 512 2696 aequoreae
534 2618 631 2677 Nereo
652 2618 783 2694 genitore
804 2615 931 2692 puellae,

201 2718 240 2776 Et
262 2728 294 2775 tu
314 2728 446 2777 materno
468 2729 544 2777 tacta
565 2717 667 2776 dolore
684 2716 797 2787 Thetis,

163 2816 227 2875 Vos
248 2816 345 2874 decuit
365 2815 442 2876 lasso
463 2818 628 2893 subponere
649 2814 769 2873 brachia
790 2823 910 2873 mento:
1045 2870 1047 2887 ,

203 2912 273 2974 Non
294 2924 408 2991 poterat
428 2926 536 2974 vestras
557 2915 603 2973 ille
624 2931 745 2990 gravare
765 2930 885 2972 manus.
989 2922 1017 2983 70
1045 2936 1047 2947 ·

114 3108 158 3154 55.
176 3103 282 3167 querelis
291 3105 323 3152 0.
397 3107 440 3156 57.
459 3104 539 3153 Dite·
571 3105 666 3154 Dz'io,
743 3106 788 3151 60.
807 3103 894 3167 longas
906 3096 1019 3154 thellffi

81 3177 167 3229 castas,
175 3175 265 3233 purus,
278 3170 347 3228 lotas,
359 3175 456 3216 sumtus
467 3169 530 3219 have
541 3171 601 3218 been
613 3169 675 3232 conj.
705 3170 753 3217 But
765 3169 846 3217 Palm.
859 3166 1020 3219 remarkrtht

82 3235 165 3298 length
175 3236 196 3283 is
205 3234 384 3283 characteristic
396 3234 556 3297 ofayouth’s
567 3235 652 3283 hands.
704 3238 748 3283 63.
760 3233 870 3283 advehae
880 3236 937 3286 Per.
982 3232 1020 3281 Μ.

81 3303 213 3364 voxqueN
236 3300 427 3364 noxqueOPer.
476 3304 522 3349 68.
534 3300 642 3349 tutavl
669 3302 781 3349 tractaO
802 3299 894 3364 fracta
905 3298 1032 3353 Heimtw
