2228 3712
83 162 125 231 72
292 153 707 225 PROPERTJU8,1n.7.,
731 154 837 221 aaa

164 320 237 380 Sunt
258 318 511 397 Agamemnonias
531 315 668 377 testantia
687 314 780 377 litora
798 332 897 387 curas,

204 418 272 491 Qua
292 426 373 476 natat
392 416 551 493 Argynnus
571 432 670 493 poena
690 415 838 475 minantis
858 430 951 493 aquae

164 513 248 599 [Hoc
271 517 375 575 iuvene
396 501 505 574 amisso
526 513 651 574 classem
671 531 737 572 non
758 512 849 573 solvit
869 510 973 578 Anido

204 613 262 674 Pro
283 633 341 691 qua
361 622 489 672 mactata
508 622 552 672 est
573 610 733 689 Iphigenia
753 605 868 693 mora]

82 803 202 848 25-28.
221 798 243 846 O
260 796 353 855 Waves,
361 795 419 858 give
430 801 465 858 up
475 795 517 843 his
527 793 606 857 body!
615 793 643 843 be
651 793 837 857 hriseprdclrre
846 810 866 843 a
873 790 977 854 morning

164 883 188 924 to
198 875 239 924 the
250 874 323 923 bravo
332 873 343 923 !

164 986 289 1046 Reddite
304 1004 412 1063 corpus
425 985 527 1057 humo,
542 985 638 1062 posita
651 994 695 1045 est
708 984 740 1042 in
754 984 876 1062 gurgite
888 984 953 1044 vita:
981 992 1006 1053 25

203 1086 327 1145 Paetum
348 1093 454 1161 sponte
475 1092 534 1156 tua,
556 1083 620 1141 vilis
641 1100 741 1154 arena,
762 1092 869 1160 tegas;

162 1183 201 1243 Et
222 1183 357 1261 quotiens
379 1181 459 1241 Paeti
480 1181 613 1240 transibit
633 1189 724 1240 nauta
744 1180 926 1258 sepulcrum,

203 1281 308 1341 Dicat:
337 1280 395 1338 ‘Et
417 1280 522 1340 audaci
543 1290 575 1340 tu
596 1281 683 1338 timor
704 1296 770 1339 esse
791 1277 900 1357 potes!

970 1384 980 1415 Ι

82 1471 203 1515 29-36.
223 1465 275 1513 Out
289 1469 356 1527 upon
364 1478 424 1526 you.
434 1478 467 1525 ye
478 1462 532 1511 thot
547 1462 620 1510 build
629 1460 716 1525 ships!
726 1477 760 1524 ye
774 1460 807 1511 do
821 1461 869 1511 but
881 1468 941 1527 opert
953 1466 981 1524 rep

163 1557 219 1591 new
224 1540 302 1605 patho
312 1540 344 1605 of
348 1541 428 1601 death,
441 1541 497 1589 and
505 1539 643 1605 labrmrfor
653 1539 694 1588 the
704 1538 811 1589 winds!

163 1656 216 1725 Ite,
237 1663 313 1712 rates
334 1672 436 1712 curvas
456 1662 485 1712 et
505 1653 553 1711 leti
574 1653 662 1712 texite
684 1669 810 1711 causas:

203 1753 264 1811 Ista
284 1770 336 1828 per
356 1751 500 1810 humanas
521 1769 601 1809 mors
622 1750 700 1809 venit
720 1760 789 1809 acta
809 1767 928 1811 manus.
986 1762 1014 1823 30

163 1851 257 1911 Terra
278 1869 382 1928 parum
403 1849 515 1908 fuerat:
545 1849 611 1908 fatis
631 1848 791 1909 adiecimus
812 1848 928 1909 undas:

203 1950 350 2009 Fortunae
370 1949 492 2007 miseras
513 1948 648 2007 auximus
668 1956 729 2007 arte
751 1947 823 2007 vias

163 2049 282 2108 Ancora
303 2058 330 2107 te
352 2057 458 2119 teneat,
480 2065 570 2124 quem
590 2064 653 2105 non
673 2055 796 2106 tenuere
817 2045 964 2107 Penates?

205 2148 286 2220 Quid
299 2147 434 2205 meritum
449 2145 539 2215 dicas,
554 2145 601 2204 cui
616 2163 668 2204 sua
682 2155 759 2204 terra
771 2162 880 2221 parum
894 2146 960 2205 est?

163 2246 327 2305 Ventorum
358 2254 410 2317 est,
437 2243 643 2320 quodcumque
678 2260 783 2320 paras:
827 2242 910 2303 haud
939 2240 991 2303 ulla

328 2343 427 2409 carina
991 2352 1021 2415 35

205 2440 375 2512 Consenuit‚
397 2440 468 2499 fallit
488 2450 590 2517 portus
611 2440 722 2516 etipse
743 2438 842 2500 fidem.

114 2633 158 2678 22.
179 2631 277 2691 Quali
329 2629 502 2691 QuaeVPer.
515 2630 600 2678 Hertz.
613 2627 692 2678 Palm.
737 2633 808 2678 notat
818 2630 875 2678 tto
921 2624 1025 2679 natat!

81 2699 173 2744 notaz
225 2695 333 2757 Agynni
349 2697 377 2742 N
428 2695 541 2758 argynni
561 2694 598 2742 V²
649 2692 798 2758 arginniF
840 2694 965 2759 argivum
982 2692 1025 2743 DV

81 2775 212 2823 argynnus
224 2759 286 2821 conj.
299 2758 448 2809 Waardenb.
466 2764 517 2820 (see
535 2758 606 2823 Bne.)
641 2766 723 2822 poena
741 2759 867 2807 minantis
883 2776 966 2824 aquae
981 2758 1025 2809 10

82 2826 196 2874 natantis
207 2841 285 2889 aquae
293 2824 329 2872 V⁹
340 2825 392 2873 Per.
416 2832 498 2888 poena
507 2826 614 2874 minacis
621 2840 701 2888 aquae
711 2821 797 2874 Lach¹.
819 2824 1027 2875 Athamantem

81 2892 167 2941 Hertz.
180 2890 258 2940 Muel.
282 2897 389 2954 poenam
401 2892 618 2955 inhiantisaquae
630 2892 687 2940 Bae.
716 2896 798 2953 poena
806 2890 1027 2957 tumutitaque

82 2958 124 3019 (or
135 2958 223 3021 aquas)
243 2956 273 3005 R.
292 2955 363 3003 Ellis.
398 2957 412 3004 I
427 2957 491 3006 have
508 2956 625 3006 ventured
642 2972 675 3005 on
692 2954 735 3005 the
752 2956 854 3019 reading
870 2956 900 3005 of
914 2956 960 3007 the
974 2960 1026 3007 text

82 3023 128 3073 See
139 3021 301 3086 explanatory
309 3028 373 3070 note.
424 3025 468 3070 23.
486 3022 541 3070 Hoc
552 3021 643 3071 ΠΨ
675 3023 763 3070 lir'ccO
796 3020 940 3071 HicLach.
988 3022 1026 3071 ὓ.

77 3089 160 3152 posita
172 3095 207 3136 est
223 3090 251 3135 N
279 3086 445 3151 positaquco
462 3086 547 3135 Hertz.
576 3087 687 3150 positum
704 3102 735 3135 us
751 3085 780 3134 in
790 3087 905 3149 gurgitis
919 3086 1027 3137 oralia

77 3155 235 3217 positumque
246 3153 276 3201 in
283 3152 391 3217 gurgite,
401 3152 472 3201 venti
482 3151 567 3201 Lach1.
625 3156 670 3201 26.
718 3159 757 3200 ost
769 3150 842 3200 MSS.
853 3151 918 3202 have
929 3152 1027 3202 Iram

82 3222 126 3268 29.
140 3221 182 3268 Ire
195 3222 223 3267 N
251 3234 342 3267 curvas
350 3218 469 3267 Passerat.
511 3233 603 3266 carruae
611 3221 665 3267 ΝΟ
698 3217 1028 3269 curvaeleticontcxitel'et.

81 3284 268 3334 curvatewm
281 3284 405 3334 Lendrum
448 3283 521 3333 terite
532 3286 568 3332 N.
635 3286 679 3333 85.
697 3282 770 3331 haud
775 3285 799 3332 0
833 3282 898 3332 haut
908 3285 946 3332 tt.
