2228 3712
359 158 581 226 araurem,
602 165 630 220 1.
643 169 683 236 3.,
699 172 798 229 53-72.

188 319 279 393 Quod
300 320 324 378 si
344 319 445 380 fatales
466 321 524 379 iam
544 339 624 380 nunc
645 319 827 399 explevimus
847 337 958 394 annos,

229 419 288 478 Fac
308 419 381 497 lapis
403 419 546 496 inscriptis
569 429 623 479 stet
644 438 732 501 super
752 436 822 480 ossa
840 418 942 480 notisi

188 517 265 577 ‘Hic
286 517 360 577 iacet
380 518 482 577 immiti
503 528 694 595 consumptus
713 527 808 578 morte
828 518 981 592 Tibullus,
1020 534 1045 595 55

230 615 399 676 Messallam
420 626 495 675 terra
517 616 587 675 dum
609 616 797 695 sequiturque
816 615 912 676 mari!

108 812 228 860 57-68.
250 807 319 858 Thea
336 809 395 858 will
409 809 490 859 Venus
507 809 564 858 lead
577 824 616 858 me
632 815 656 858 to
672 807 800 873 Elysium,
811 814 836 859 to
852 807 896 859 the
911 809 1020 875 Iasidos
1096 812 1101 839 ¹

187 885 263 935 danae
274 886 329 934 aad
336 902 401 950 sang,
412 886 493 936 where
502 887 570 935 casia
581 887 635 935 and
644 901 695 935 rose
701 900 775 950 grew
784 885 923 946 unbidden,
932 887 1015 938 when
1099 906 1103 913 ·

190 963 268 1012 hands
284 964 316 1029 of
314 965 408 1028 youths
418 965 473 1013 ana'
481 964 593 1014 maidens
603 979 661 1014 ever
669 970 737 1029 spart
747 963 811 1014 with
821 963 897 1016 Leve.

192 1097 251 1158 Sed
272 1117 330 1171 me,
352 1099 433 1176 quod
453 1098 543 1158 facilis
565 1108 666 1158 tenero
687 1116 754 1158 sum
775 1116 894 1176 semper
913 1100 1026 1170 Amori,

230 1196 299 1275 Ipsa
313 1197 416 1256 Venus
436 1215 557 1274 campos
578 1196 665 1256 ducet
686 1197 717 1254 in
736 1195 861 1274 Elysios.

193 1294 253 1355 Hic
262 1295 386 1356 choreae
397 1307 557 1373 cantusque
568 1295 675 1371 vigent,
685 1294 853 1372 passimque
863 1304 1007 1372 vagantes

230 1393 326 1453 Dulce
347 1405 453 1454 sonant
474 1395 553 1453 tenui
574 1402 689 1470 gutture
710 1411 829 1453 carmen
849 1412 918 1454 aves
928 1414 939 1469 ;
1022 1397 1052 1455 60

193 1492 261 1552 Fert
282 1493 391 1552 casiam
412 1511 473 1552 non
494 1492 572 1552 culta
592 1509 685 1568 seges
704 1502 841 1569 totosque
860 1509 917 1570 per
936 1512 1023 1572 agros

240 1592 337 1652 Floret
357 1590 485 1650 odoratis
506 1600 582 1649 terra
601 1589 730 1667 benigna
749 1590 840 1664 rosis;

192 1692 237 1752 Ac
259 1691 396 1749 iuvenum
417 1689 504 1748 series
523 1688 630 1747 teneris
651 1687 784 1747 immixta
804 1687 932 1767 puellis.

233 1788 329 1860 Ludit,
351 1797 381 1846 et
403 1786 517 1846 assidue
538 1786 648 1863 praelia
668 1786 771 1846 miscet
792 1786 896 1847 Amor.

193 1889 255 1948 Illic
277 1896 328 1958 est,
350 1886 524 1962 cuicumque
545 1902 636 1960 rapax
658 1902 737 1946 mors
757 1885 836 1945 venit
855 1888 978 1962 amanti,
1026 1886 1059 1963 65

232 1987 272 2047 Et
292 1986 364 2063 gerit
385 1984 491 2061 insigni
512 1993 624 2061 myrtea
644 1993 720 2043 serta
740 2001 834 2043 coma.

112 2187 233 2234 07-82.
249 2182 306 2232 But
321 2181 350 2230 in
367 2179 408 2228 tlte
424 2177 623 2242 darkprafaund
635 2178 681 2226 lies
696 2177 737 2227 tlte
752 2177 871 2227 accursed
881 2179 1021 2242 Tarsam,

193 2261 274 2309 where
282 2275 352 2322 rages
364 2257 491 2321 Hsephan,
501 2256 556 2304 and
564 2255 683 2304 Cerberus
691 2271 748 2305 ever
750 2255 849 2319 guardr
852 2271 864 2316 ;
880 2257 967 2308 where
975 2274 1022 2310 aee

194 2337 272 2386 Ixion
281 2335 337 2385 and
348 2336 439 2398 Tityos,
454 2334 579 2383 Tantalus
589 2333 644 2382 and
652 2333 693 2383 tlte
703 2333 838 2397 daughters
848 2332 1008 2398 effDauaus.

193 2470 233 2528 At
254 2468 391 2528 scelerata
411 2469 486 2527 iacet
507 2467 591 2527 sedes
612 2468 643 2525 in
662 2478 748 2527 nocte
768 2465 915 2544 profunda

235 2567 351 2639 Abdita,
372 2585 462 2644 quam
484 2567 594 2626 circum
614 2566 736 2624 flumina
756 2565 840 2642 nigra
860 2578 988 2641 sonant3

195 2664 415 2742 Tisiphoneque
436 2664 554 2743 impexa
574 2662 652 2724 leros
673 2679 733 2740 quo
755 2662 883 2722 crinibus
904 2632 1065 2743 anguesl'⁹

237 2762 340 2834 Saevit,
362 2772 391 2820 et
411 2760 469 2820 huc
491 2761 558 2819 illuc
580 2761 670 2837 impia
691 2762 775 2819 turba
795 2760 884 2838 fugit:
1033 2778 1070 2841 ἰο
1100 2808 1103 2829 ,

195 2861 283 2921 Tunc
305 2862 388 2937 niger
408 2858 438 2916 in
459 2870 544 2936 porta
565 2870 733 2936 serpentum
755 2857 899 2919 Cerberus
920 2877 973 2921 ore
1100 2836 1103 2859 Ι

236 2959 341 3020 Stridet
361 2966 389 3017 et
410 2968 522 3016 aeratas
543 2959 667 3017 excubat
686 2967 753 3016 ante
774 2956 859 3017 fores.

146 3172 192 3219 54.
210 3168 340 3233 inscn'ptis
351 3171 375 3218 0
409 3167 547 3230 inscriptus
558 3181 586 3214 or
597 3166 638 3215 dis
647 3166 756 3230 scre'pms
767 3169 789 3214 Ζ
801 3164 899 3230 Heyne.
967 3168 1018 3217 08.
1034 3168 1073 3219 Ae

113 3238 168 3286 AG
219 3241 248 3284 at
258 3238 285 3282 V
336 3234 382 3283 hac
393 3249 422 3283 or
432 3233 474 3282 liic
485 3236 515 3282 Ζ.
638 3236 685 3282 69.
702 3232 803 3295 impexa
813 3234 837 3281 0
850 3232 906 3281 Par.
958 3230 1073 3297 impleus

114 3301 184 3351 Frut.
197 3300 256 3350 Bae.
322 3304 362 3353 71.
379 3299 478 3350 Palmer
489 3303 600 3362 suggests
605 3303 655 3361 per
663 3303 762 3346 centum
776 3295 896 3348 Cerberus
906 3310 960 3347 ora.
1075 3330 1083 3347 .

23 3404 110 3434 vuu-
121 3396 145 3441 w
162 3390 218 3440 sas
246 3362 280 3436 ir«
294 3411 330 3437 ω’
345 3382 621 3459 summissurus
633 3365 836 3461 Harmina
847 3368 925 3425 ,ιω
939 3336 1102 3429 &nauli

148 3469 271 3551 »iram
280 3516 338 3548 aa.
351 3467 525 3577 Misqcss
537 3465 742 3581 tl‘fflffllqffl
766 3462 939 3537 usundi«,
948 3484 1070 3551 uffa.
1100 3470 1102 3475 ¹
