2228 3712
311 181 528 252 TIBULLUS‚
552 188 576 240 1.
592 192 632 258 3.,
648 199 745 255 35-52·
982 192 999 258 7

66 400 169 446 5—50.
187 393 254 444 How
268 393 327 442 well
339 393 362 441 o't
372 408 425 442 wos
435 393 508 442 when
524 394 622 443 Sotum
640 395 714 444 noled
727 411 760 444 on
775 395 863 445 eortlo:
880 394 953 444 when

132 487 191 521 men
206 471 279 520 knew
295 486 344 520 nor
358 470 428 534 ships
444 487 492 520 nor
507 487 616 536 voyages,
633 489 682 522 nor
696 473 781 522 sword
795 489 845 522 nor
859 473 932 521 battle
941 486 953 531 ,·

130 549 205 598 when
222 564 274 597 roos
290 564 322 598 no
344 549 397 598 coil
408 549 458 614 so'r
475 565 536 598 mon
555 565 604 599 nor
618 551 702 607 beast,·
724 566 757 599 no
777 551 870 599 borrcd
886 550 952 605 door.

131 644 164 677 no
179 627 361 677 storto-marked
371 626 520 691 boundaoy;
535 628 608 677 when
619 629 677 677 oaks
687 628 795 693 dropped
802 627 887 692 looney,
901 628 954 676 and

121 706 204 769 stoeks
214 705 320 768 brought
322 704 385 769 full
392 704 484 755 udders
494 704 563 755 home
574 707 706 756 untended.

132 831 233 905 Quam
253 833 328 891 bene
349 831 476 891 Saturno
496 832 631 891 vivebant
651 851 727 908 rege,
748 832 828 910 prius
849 850 869 911 q
963 847 1001 908 35

173 930 275 990 Tellus
296 930 327 989 in
347 930 451 1006 longas
472 941 517 990 est
537 929 681 1008 patefacta
701 931 783 990 vias}

67 1061 103 1108 ,ς
132 1027 277 1089 Nondum
298 1029 445 1088 caeruleas
465 1029 552 1106 pinus
574 1038 787 1106 contempserat
808 1028 911 1101 undas,

118 1175 120 1177 .
173 1125 310 1185 Effusum
330 1127 423 1185 ventis
444 1127 675 1205 praebueratffle„
693 1126 789 1185 sinum
800 1144 809 1200 3

133 1225 198 1285 Nec
219 1243 311 1302 vagus
332 1224 439 1300 ignotis
459 1233 597 1302 repetens
615 1225 791 1302 compendia
811 1226 893 1284 terris

174 1324 321 1383 Presserat
340 1332 461 1381 externa
482 1324 579 1380 navita
599 1341 697 1383 merce
718 1334 818 1384 ratem.
964 1345 1003 1398 40

133 1425 189 1483 Illo
211 1441 272 1482 non
293 1422 403 1482 validus
424 1422 513 1481 subiit
534 1422 603 1499 iuga
624 1433 755 1500 tempore
776 1435 884 1494 taurus,

175 1521 247 1580 Non
268 1520 380 1580 domito
400 1520 498 1579 frenos
518 1539 569 1580 ore
591 1521 749 1582 momordit
769 1541 880 1600 equus;

134 1620 207 1679 Non
228 1620 334 1679 domus
354 1619 413 1678 ulla
433 1617 511 1678 fores
532 1619 640 1692 habuit,
661 1639 723 1699 rron
743 1621 818 1680 fixus
838 1621 869 1680 in
889 1620 976 1698 agris,

175 1719 236 1792 Qui
257 1727 368 1794 regeret
389 1718 473 1778 certis
494 1718 601 1778 finibus
624 1738 699 1790 arva,
721 1720 803 1796 lapis.

133 1819 221 1896 Ipsae
242 1816 328 1876 mella
348 1816 458 1876 dabant
478 1836 612 1899 quereus,
633 1818 768 1896 ultroque
788 1819 919 1878 serebant
965 1833 1003 1892 45

176 1915 271 1975 Obvia
291 1915 400 1974 securis
420 1916 511 1974 ubera
530 1900 612 1975 laetis
632 1935 710 1976 oves.
852 1923 854 1929 ’

134 2014 206 2074 Non
226 2014 313 2087 acies,
334 2032 396 2072 non
416 2013 458 2072 ira
478 2013 538 2088 fuit,
559 2033 621 2074 non
641 2015 725 2082 bella,
746 2032 802 2073 nec
824 2031 925 2073 ensem

175 2113 284 2172 Immiti
305 2130 408 2171 saevus
430 2112 553 2172 duxerat
573 2122 633 2171 arte
654 2111 743 2171 faber.

134 2211 223 2271 Nunc
244 2211 314 2271 Iove
336 2213 391 2270 sub
411 2211 533 2272 domino
556 2211 661 2271 caedes
678 2220 707 2269 et
724 2209 843 2269 vulnera
863 2228 988 2288 semper,

175 2310 264 2370 Nunc
285 2328 376 2379 mare,
397 2328 476 2369 nunc
496 2310 546 2369 leti
566 2309 645 2369 mille
665 2309 878 2399 rege-prenviae.
966 2326 1004 2384 50

65 2559 173 2606 1-50.
193 2552 215 2602 0
231 2556 304 2616 spore
320 2565 365 2610 me,
377 2550 473 2599 Fother
481 2549 566 2616 Jove!
574 2550 623 2615 for
636 2551 652 2599 1
667 2565 709 2599 om
720 2555 806 2614 pure;
822 2549 867 2599 but
881 2549 910 2614 o'f
915 2565 957 2612 my

133 2630 195 2693 days
211 2644 255 2678 ore
277 2644 338 2687 run,
361 2643 419 2691 may
441 2644 458 2676 a
473 2635 541 2678 stone
560 2628 586 2678 be
602 2634 638 2678 set
656 2635 680 2678 to
700 2628 746 2677 tell
759 2628 815 2678 how
840 2628 957 2677 Tibullus

133 2707 196 2766 died,
208 2707 263 2758 how
272 2721 337 2766 soon,
348 2707 404 2756 horo
414 2706 493 2771 sodly.

135 2847 234 2918 Parce,
256 2855 348 2923 pater,
369 2844 504 2904 timidum
523 2863 585 2904 non
606 2862 654 2903 me
675 2844 799 2922 periuria
819 2853 934 2917 terrent,

176 2945 248 3004 Non
269 2944 347 3003 dicta
366 2943 397 3001 in
418 2952 535 3003 sanctos
555 2943 645 3020 impia
665 2944 752 3003 verba
773 2943 853 3002 deos.

71 3196 131 3246 ³7.
147 3196 324 3254 contempserat
340 3193 364 3240 0
408 3189 578 3239 comeenderot
594 3189 630 3238 (Ρ
646 3190 705 3238 Bae.
772 3192 816 3241 47.
826 3186 934 3251 focinus
945 3187 1005 3236 Bae.

64 3258 278 3387 zpoezsfflryffinn.
349 3259 394 3305 50.
412 3255 583 3321 repenteGW
616 3254 782 3319 reperteAV²
816 3254 1006 3355 mooltarepeoto
