2228 3712
110 119 154 200 36
337 127 612 198 proponatur,
627 136 652 187 1.
670 120 712 201 8.,
735 134 843 203 ,9-46.

162 346 168 355 .
192 290 278 351 Falsa
297 290 363 352 licet
384 293 506 370 cupidus
527 293 659 372 deponat
678 295 787 373 gaudia
806 296 903 359 livor:

232 388 349 449 Destitit
369 391 411 450 ire
431 410 524 451 novas
546 391 673 470 Cynthia
692 403 796 453 nostra
815 395 890 455 vias.
1002 406 1023 469 tt

191 486 237 546 Illi
258 507 342 547 carus
363 508 420 565 ego
440 499 470 550 et
490 509 542 567 per
561 508 610 550 me
630 492 782 551 carissima
802 490 905 553 Roma

231 586 354 661 Dicitur,
375 598 404 647 et
424 588 486 647 sine
507 608 556 648 me
577 590 675 650 dulcia
695 608 788 668 regna
808 600 910 670 negat.
942 592 1020 657 titia·

108 761 229 806 89-46.
246 757 274 805 lt
284 756 307 804 is
317 761 360 804 not
366 757 428 820 gold
435 758 575 822 norpearls
584 758 641 808 that
647 758 711 809 have
721 758 835 824 wensor
844 774 885 811 nu
894 758 1002 818 herim

191 834 214 883 it
224 835 247 883 is
259 850 300 896 my
308 834 361 899 μβ
371 834 402 898 of
406 850 474 899 song.

191 952 280 1011 Hanc
301 971 357 1029 ego
378 971 440 1011 non
461 971 540 1025 auro,
562 972 624 1012 non
645 953 728 1013 Indis
748 952 870 1015 flectere
891 953 1006 1025 conclis.

233 1050 291 1110 Sed
312 1052 395 1127 potui
415 1051 515 1110 blandi
536 1052 674 1111 carminis
695 1053 851 1129 obsequio.
1009 1064 1032 1123 4⁰

192 1149 266 1208 Sunt
287 1149 373 1225 igitur
394 1149 509 1222 Musae,
531 1160 626 1228 neque
648 1151 756 1210 amanti
776 1151 881 1213 tardus
900 1150 1004 1231 Apollo,

233 1247 310 1319 Quis
331 1267 388 1325 ego
409 1249 497 1307 fretus
519 1268 607 1309 amo:
630 1248 759 1326 Cynthia
779 1268 848 1309 rara
868 1270 938 1312 mea
956 1259 1001 1311 eot-

190 1345 279 1405 Nunc
300 1347 370 1405 mihi
392 1364 508 1406 summa
529 1347 594 1407 licet
616 1348 786 1425 contingere
807 1348 907 1410 sidera
925 1346 1027 1429 plantist

233 1445 299 1504 Sive
320 1446 382 1505 dies
402 1464 455 1505 seu
476 1464 536 1504 nox
557 1446 675 1518 venerit,
697 1447 746 1506 illa
765 1464 835 1507 mea
856 1458 912 1509 est.

190 1544 255 1604 Nec
275 1544 346 1603 mihi
368 1542 461 1605 ridelis
483 1557 577 1605 certos
598 1546 742 1607 subducet
762 1564 902 1611 amores:
1010 1554 1034 1617 45

231 1645 291 1702 Ista
312 1663 410 1704 meam
429 1645 507 1704 norit
527 1646 620 1722 gloria
642 1645 787 1707 canitiem.

1078 1398 1092 1449 ll

539 1860 565 1923 Ι.
585 1878 634 1938 14.

140 2008 216 2054 1-8.
238 2005 264 2054 T
259 2004 341 2067 hougb
359 2005 399 2053 all
412 2005 509 2067 luxury
521 2004 547 2054 be
562 2005 641 2066 thim,
655 2006 754 2066 Tullus,
767 2021 796 2054 as
812 2005 874 2057 thou
886 2011 969 2073 gumi
980 2018 1008 2056 on

189 2083 260 2131 wooa'
267 2082 322 2130 arad
331 2082 408 2142 river,
421 2098 453 2130 no
464 2083 555 2131 wealtlz
568 2099 626 2145 may
637 2084 713 2148 equal
722 2083 763 2133 tlte
774 2082 855 2133 richer
864 2085 900 2149 of
903 2100 946 2149 noy
955 2086 1006 2137 Im.

188 2201 239 2259 Tu
260 2201 327 2260 licet
347 2201 477 2259 abiectus
499 2201 639 2260 Tiberina
660 2201 785 2260 molliter
804 2200 888 2261 unda

229 2300 337 2358 Lesbia
359 2298 513 2358 Mentoreo
534 2300 602 2357 vina
622 2300 706 2358 bibas
726 2318 824 2377 opere,

189 2398 228 2457 Et
248 2397 339 2457 modo
361 2408 422 2456 tam
443 2398 551 2457 celeres
571 2398 683 2457 mireris
704 2417 819 2458 currere
838 2398 949 2473 lintres,

230 2496 269 2554 Et
290 2497 380 2556 modo
401 2507 462 2555 tam
482 2496 577 2555 tardas
598 2497 716 2556 funibus
737 2498 779 2556 ire
800 2507 885 2569 rates

189 2595 228 2654 Et
249 2613 353 2653 nemus
374 2613 463 2655 omne
483 2605 560 2654 satas
582 2596 713 2656 intendat
733 2597 840 2656 vertice
861 2596 957 2669 silvae,
1024 2602 1036 2665 l

231 2692 358 2768 Urgetur
378 2693 494 2768 quantis
516 2690 666 2751 Caucasus
681 2693 859 2753 arboribus:

190 2791 261 2852 Non
282 2801 380 2849 tamen
401 2791 457 2849 ista
476 2809 545 2849 meo
566 2790 681 2849 valeant
702 2792 880 2869 contendere
900 2792 1002 2855 amori:

232 2889 334 2949 Nescit
355 2888 447 2949 Amor
467 2888 583 2965 magnis
604 2888 708 2947 cedere
728 2889 840 2951 divitiis.

141 3074 187 3120 40.
205 3071 263 3120 Bae.
270 3076 384 3133 suggests
394 3070 517 3118 carminis
527 3071 651 3135 adloquio.
718 3073 763 3121 42.
777 3086 834 3121 amo
842 3074 898 3121 ΝΟ
931 3070 1030 3121 Brea*

107 3153 157 3186 ovo.
225 3141 270 3185 45.
287 3136 403 3184 subducet
414 3134 556 3184 F²oPal1n
590 3137 745 3186 subducitN
758 3137 843 3187 Hertz.
856 3137 933 3188 Lech.
1077 3150 1114 3203 u„

140 3206 167 3251 4.
185 3204 237 3252 iam
250 3206 302 3252 ΔΕ·
337 3201 440 3266 finibus
450 3203 512 3251 AF.
584 3206 611 3251 5.
627 3218 699 3252 onam
709 3204 764 3252 ΝΟ
805 3202 872 3253 unde
882 3202 958 3255 Lech.
1012 3188 1025 3237 θ
1069 3202 1111 3273 ῃ,

109 3276 221 3333 quantus
232 3272 293 3318 DV.
1069 3280 1110 3382 μ’
